@article{a3:1,
  title={Computational Study of the Anion Photoelectron Spectra of \ch{FeX_n} (X = O, S and n = 3, 4) Clusters},
  author={Tran, Van Tan},
  year={2013}
}


@article{a3:2,
  title={A CASPT2 description of the electronic structures of \ch{FeO3^{-/0}} in relevance to the anion photoelectron spectrum},
  author={Tran, Van Tan and Hendrickx, Marc FA},
  journal={J. Chem. Theory Comput.},
  volume={7},
  number={2},
  pages={310--319},
  year={2011},
  publisher={ACS Publications}
}



@article{a3:3,
  title={Description of the geometric and electronic structures responsible for the photoelectron spectrum of \ch{FeO4-}},
  author={Tran, Van Tan and Hendrickx, Marc FA},
  journal={J. Chem. Phys.},
  volume={135},
  number={9},
  pages={094505},
  year={2011},
  publisher={AIP}
}



@article{a3:4,
  title={Molecular Structures for \ch{FeS4^{-/0}} As Determined from an Ab Initio Study of the Anion Photoelectron Spectra},
  author={Tran, Van Tan and Hendrickx, Marc FA},
  journal={J. Phys. Chem. A},
  volume={117},
  number={15},
  pages={3227--3234},
  year={2013},
  publisher={ACS Publications}
}


@article{a3:5,
  title={Assignment of the Photoelectron Spectra of \ch{FeS3-} by Density Functional Theory, CASPT2, and RCCSD (T) Calculations},
  author={Tran, Van Tan and Hendrickx, Marc FA},
  journal={J. Phys. Chem. A},
  volume={115},
  number={47},
  pages={13956--13964},
  year={2011},
  publisher={ACS Publications}
}



@article{a3:6,
  title={A New Interpretation of the Photoelectron Spectra of \ch{CrC2-}},
  author={Tran, Van Tan and Iftner, Christophe and Hendrickx, Marc FA},
  journal={J. Phys. Chem. A},
  volume={117},
  number={27},
  pages={5613--5619},
  year={2013},
  publisher={ACS Publications}
}







