@article{raspt2,
	author = {Per {\AA}ke Malmqvist and Kristine Pierloot and Abdul Rehaman Moughal Shahi and Christopher J. Cramer and Laura Gagliardi},
	title = {The Restricted Active Space Followed by Second-Order Perturbation Theory Method: Theory and Application to the Study of \ce{CuO2} and \ce{Cu2O2} Systems},
	journal = {J. Chem. Phys.},
	volume = {128},
	number = {20},
	pages = {204109},
	year = {2008},
	doi = {10.1063/1.2920188},
	
	URL = { 
	http://dx.doi.org/10.1063/1.2920188
	
	},
	eprint = { 
	http://dx.doi.org/10.1063/1.2920188
	
	}
	
}


@article{ano-basisnm,
	author = {Roos, Bj{\"o}rn O. and Lindh, Roland and Malmqvist, Per-{\AA}ke and Veryazov, Valera and Widmark, Per-Olof},
	title = {Main Group Atoms and Dimers Studied with a New Relativistic ANO Basis Set},
	journal = {J. Phys. Chem. A},
	volume = {108},
	number = {15},
	pages = {2851-2858},
	year = {2004},
	doi = {10.1021/jp031064+},
	
	URL = { 
	http://dx.doi.org/10.1021/jp031064+
	
	},
	eprint = { 
	http://dx.doi.org/10.1021/jp031064+
	
	}
	
}


@article{ano-basisM,
	author = {Roos, Bj{\"o}rn O. and Lindh, Roland and Malmqvist, Per-{\AA}ke and Veryazov, Valera and Widmark, Per-Olof},
	title = {New Relativistic ANO Basis Sets for Transition Metal Atoms},
	journal = {J. Phys. Chem. A},
	volume = {109},
	number = {29},
	pages = {6575-6579},
	year = {2005},
	doi = {10.1021/jp0581126},
	
	URL = { 
	http://dx.doi.org/10.1021/jp0581126
	
	},
	eprint = { 
	http://dx.doi.org/10.1021/jp0581126
	
	}
	
}

@article{molcas81,
	title={Molcas 8: New Capabilities for Multiconfigurational Quantum Chemical Calculations across the Periodic Table},
	author={Aquilante, Francesco and Autschbach, Jochen and Carlson, Rebecca K and Chibotaru, Liviu F and Delcey, Micka{\"e}l G and De Vico, Luca and Ferr{\'e}, Nicolas and Frutos, Luis Manuel and Gagliardi, Laura and Garavelli, Marco and others},
	journal={J. Comput. Chem.},
	volume={37},
	number={5},
	pages={506--541},
	year={2016},
	publisher={Wiley Online Library}
}


@article{lyp,
	title = {Development of the Colle-Salvetti Correlation-Energy Formula into a Functional of the Electron Density},
	author = {Lee, Chengteh and Yang, Weitao and Parr, Robert G.},
	journal = {Phys. Rev. B},
	volume = {37},
	issue = {2},
	pages = {785--789},
	numpages = {0},
	year = {1988},
	month = {Jan},
	publisher = {American Physical Society},
	doi = {10.1103/PhysRevB.37.785},
	url = {https://link.aps.org/doi/10.1103/PhysRevB.37.785}
}

@article{b3lyp2,
	title = {Density-Functional Exchange-Energy Approximation with Correct Asymptotic Behavior},
	author = {Becke, A. D.},
	journal = {Phys. Rev. A},
	volume = {38},
	issue = {6},
	pages = {3098--3100},
	numpages = {0},
	year = {1988},
	month = {Sep},
	publisher = {American Physical Society},
	doi = {10.1103/PhysRevA.38.3098},
	url = {https://link.aps.org/doi/10.1103/PhysRevA.38.3098}
}

@article{b3,
	author = {Axel D. Becke},
	title = {Density-Functional Thermochemistry. III. The Role of Exact Exchange},
	journal = {J. Chem. Phys.},
	volume = {98},
	number = {7},
	pages = {5648-5652},
	year = {1993},
	doi = {10.1063/1.464913},
	
	URL = { 
	http://dx.doi.org/10.1063/1.464913
	
	},
	eprint = { 
	http://dx.doi.org/10.1063/1.464913
	
	}
	
}


@article{p86,
	title = {Density-Functional Approximation for the Correlation Energy of the Inhomogeneous Electron Gas},
	author = {Perdew, John P.},
	journal = {Phys. Rev. B},
	volume = {33},
	issue = {12},
	pages = {8822--8824},
	numpages = {0},
	year = {1986},
	month = {Jun},
	publisher = {American Physical Society},
	doi = {10.1103/PhysRevB.33.8822},
	url = {https://link.aps.org/doi/10.1103/PhysRevB.33.8822}
}

@article{tpss,
	title = {Climbing the Density Functional Ladder: Nonempirical Meta\char21{}Generalized Gradient Approximation Designed for Molecules and Solids},
	author = {Tao, Jianmin and Perdew, John P. and Staroverov, Viktor N. and Scuseria, Gustavo E.},
	journal = {Phys. Rev. Lett.},
	volume = {91},
	issue = {14},
	pages = {146401},
	numpages = {4},
	year = {2003},
	month = {Sep},
	publisher = {American Physical Society},
	doi = {10.1103/PhysRevLett.91.146401},
	url = {https://link.aps.org/doi/10.1103/PhysRevLett.91.146401}
}

@article{m06l,
	author = {Yan Zhao and Donald G. Truhlar},
	title = {A New Local Density Functional for Main-Group Thermochemistry, Transition Metal Bonding, Thermochemical Kinetics, and Noncovalent Interactions},
	journal = {J. Chem. Phys.},
	volume = {125},
	number = {19},
	pages = {194101},
	year = {2006},
	doi = {10.1063/1.2370993},
	
	URL = { 
	http://dx.doi.org/10.1063/1.2370993
	
	},
	eprint = { 
	http://dx.doi.org/10.1063/1.2370993
	
	}
	
}

@article{f12.1,
	author = {Thomas B. Adler and Gerald Knizia and Hans-Joachim Werner},
	title = {A Simple and Efficient CCSD(T)-F12 Approximation},
	journal = {J. Chem. Phys.},
	volume = {127},
	number = {22},
	pages = {221106},
	year = {2007},
	doi = {10.1063/1.2817618},
	
	URL = { 
	http://dx.doi.org/10.1063/1.2817618
	
	},
	eprint = { 
	http://dx.doi.org/10.1063/1.2817618
	
	}
	
}




@article{f12.2,
	author = {Gerald Knizia and Thomas B. Adler and Hans-Joachim Werner},
	title = {Simplified CCSD(T)-F12 Methods: Theory and Benchmarks},
	journal = {J. Chem. Phys.},
	volume = {130},
	number = {5},
	pages = {054104},
	year = {2009},
	doi = {10.1063/1.3054300},
	
	URL = { 
	http://dx.doi.org/10.1063/1.3054300
	
	},
	eprint = { 
	http://dx.doi.org/10.1063/1.3054300
	
	}
	
}


@article{basis-augM,
	author = {Nikolai B. Balabanov and Kirk A. Peterson},
	title = {Systematically Convergent Basis Sets for Transition Metals. I. All-Electron Correlation Consistent Basis Sets for the 3d Elements Sc-Zn},
	journal = {J. Chem. Phys.},
	volume = {123},
	number = {6},
	pages = {064107},
	year = {2005},
	doi = {10.1063/1.1998907},
	
	URL = { 
	http://dx.doi.org/10.1063/1.1998907
	
	},
	eprint = { 
	http://dx.doi.org/10.1063/1.1998907
	
	}
	
}

@article{basis-ccO,
	author = {Thom H. Dunning Jr.},
	title = {Gaussian Basis Sets for Use in Correlated Molecular Calculations. I. The Atoms Boron through Neon and Hydrogen},
	journal = {J. Chem. Phys.},
	volume = {90},
	number = {2},
	pages = {1007-1023},
	year = {1989},
	doi = {10.1063/1.456153},
	
	URL = { 
	http://dx.doi.org/10.1063/1.456153
	
	},
	eprint = { 
	http://dx.doi.org/10.1063/1.456153
	
	}
	
}



@article{basis-F12,
	author = {Kirk A. Peterson and Thomas B. Adler and Hans-Joachim Werner},
	title = {Systematically Convergent Basis Sets for Explicitly Correlated Wavefunctions: The Atoms H, He, B-Ne, and Al-Ar},
	journal = {J. Chem. Phys.},
	volume = {128},
	number = {8},
	pages = {084102},
	year = {2008},
	doi = {10.1063/1.2831537},
	
	URL = { 
	http://dx.doi.org/10.1063/1.2831537
	
	},
	eprint = { 
	http://dx.doi.org/10.1063/1.2831537
	
	}
	
}


@article {molpro2012,
	author = {Werner, Hans-Joachim and Knowles, Peter J. and Knizia, Gerald and Manby, Frederick R. and Sch{\"u}tz, Martin},
	title = {Molpro: a General-Purpose Quantum Chemistry Program Package},
	journal = {Wiley Interdiscip. Rev.: Comput. Mol. Sci.},
	volume = {2},
	number = {2},
	publisher = {John Wiley & Sons, Inc.},
	issn = {1759-0884},
	url = {http://dx.doi.org/10.1002/wcms.82},
	doi = {10.1002/wcms.82},
	pages = {242--253},
	year = {2012},
}


@misc{g09,
	author="M. J. Frisch and G. W. Trucks and H. B. Schlegel and G. E. Scuseria and M. A. Robb and J. R. Cheeseman and G. Scalmani and V. Barone and B. Mennucci and G. A. Petersson and H. Nakatsuji and M. Caricato and X. Li and H. P. Hratchian and A. F. Izmaylov and J. Bloino and G. Zheng and J. L. Sonnenberg and M. Hada and M. Ehara and K. Toyota and R. Fukuda and J. Hasegawa and M. Ishida and T. Nakajima and Y. Honda and O. Kitao and H. Nakai and T. Vreven and Montgomery, {Jr.}, J. A. and J. E. Peralta and F. Ogliaro and M. Bearpark and J. J. Heyd and E. Brothers and K. N. Kudin and V. N. Staroverov and R. Kobayashi and J. Normand and K. Raghavachari and A. Rendell and J. C. Burant and S. S. Iyengar and J. Tomasi and M. Cossi and N. Rega and J. M. Millam and M. Klene and J. E. Knox and J. B. Cross and V. Bakken and C. Adamo and J. Jaramillo and R. Gomperts and R. E. Stratmann and O. Yazyev and A. J. Austin and R. Cammi and C. Pomelli and J. W. Ochterski and R. L. Martin and K. Morokuma and V. G. Zakrzewski and G. A. Voth and P. Salvador and J. J. Dannenberg and S. Dapprich and A. D. Daniels and Ã–. Farkas and J. B. Foresman and J. V. Ortiz and J. Cioslowski and D. J. Fox",
	title="Gaussian-09 {R}evision {E}.01",
	note="Gaussian Inc. Wallingford CT 2009"
}

@article{DKH,
	author = {Markus Reiher and Alexander Wolf},
	title = {Exact Decoupling of the Dirac Hamiltonian. II. The Generalized Douglas-Kroll-Hess Transformation up to Arbitrary Order},
	journal = {J. Chem. Phys.},
	volume = {121},
	number = {22},
	pages = {10945-10956},
	year = {2004},
	doi = {10.1063/1.1818681},
	
	URL = { 
	http://aip.scitation.org/doi/abs/10.1063/1.1818681
	
	},
	eprint = { 
	http://aip.scitation.org/doi/pdf/10.1063/1.1818681
	
	}
	
}


@article{CALYPSO,
	title = {Crystal Structure Prediction via Particle-Swarm Optimization},
	author = {Wang, Yanchao and Lv, Jian and Zhu, Li and Ma, Yanming},
	journal = {Phys. Rev. B},
	volume = {82},
	issue = {9},
	pages = {094116},
	numpages = {8},
	year = {2010},
	month = {Sep},
	publisher = {American Physical Society},
	doi = {10.1103/PhysRevB.82.094116},
	url = {https://link.aps.org/doi/10.1103/PhysRevB.82.094116}
}



@article{GD3,
	author = {Stefan Grimme and Jens Antony and Stephan Ehrlich and Helge Krieg},
	title = {A Consistent and Accurate ab Initio Parametrization of Density Functional Dispersion Correction (DFT-D) for the 94 Elements H-Pu},
	journal = {J. Chem. Phys.},
	volume = {132},
	number = {15},
	pages = {154104},
	year = {2010},
	doi = {10.1063/1.3382344},
	
	URL = { 
	http://dx.doi.org/10.1063/1.3382344
	
	},
	eprint = { 
	http://dx.doi.org/10.1063/1.3382344
	
	}
	
}

@article{ZPE,
	author = {Pham, Le Nhan and Nguyen, Minh Tho},
	title = {Electronic Structure of Neutral and Anionic Scandium Disilicon \ce{ScSi2^{-/0}} Clusters and the Related Anion Photoelectron Spectrum},
	journal = {J. Phys. Chem. A},
	volume = {120},
	number = {47},
	pages = {9401-9410},
	year = {2016},
	doi = {10.1021/acs.jpca.6b09067},
	note ={PMID: 27934329},
	
	URL = { 
	http://dx.doi.org/10.1021/acs.jpca.6b09067
	
	},
	eprint = { 
	http://dx.doi.org/10.1021/acs.jpca.6b09067
	
	}
	
}


@article{Janssens2007,
	author = {Janssens, Ewald and Hou, Xin Juan and Neukermans, Sven and Wang, Xin and Silverans, Roger E. and Lievens, Peter and Nguyen, Minh Tho},
	title = {The Exchange Coupling in \ce{Cr_3O_n} (n = 0 -- 3) Clusters},
	journal = {J. Phys. Chem. A},
	volume = {111},
	number = {20},
	pages = {4150-4157},
	year = {2007},
	doi = {10.1021/jp066982x},
	
	URL = { 
	http://dx.doi.org/10.1021/jp066982x
	
	},
	eprint = { 
	http://dx.doi.org/10.1021/jp066982x
	
	}
	
}

