@article{c3:1,
  author={Antonis N Andriotis and Giannis Mpourmpakis and George E Froudakis and Madhu Menon},
  title={Stabilization of Si-based cage clusters and nanotubes by encapsulation of transition metal atoms},
  journal={New J. Phys.},
  volume={4},
  number={1},
  pages={78},
  url={http://stacks.iop.org/1367-2630/4/i=1/a=378},
  year={2002},
}
	
	
	
@article{c3:2,
author = {Menon, Madhu and Andriotis, Antonis N. and Froudakis, George},
title = {Structure and stability of Ni-encapsulated Si nanotube},
journal = {	Nano Lett.},
volume = {2},
number = {4},
pages = {301-304},
year = {2002},
doi = {10.1021/nl015695w},

URL = { 
        https://doi.org/10.1021/nl015695w
    
}

}


@article{c3:3,
  title = {Stabilization echanism of \ch{Si12} cage clusters by encapsulation of a transition-metal atom: A density-functional theory study},
  author = {Uchida, Noriyuki and Miyazaki, Takehide and Kanayama, Toshihiko},
  journal = {Phys. Rev. B},
  volume = {74},
  issue = {20},
  pages = {205427},
  numpages = {9},
  year = {2006},
  month = {Nov},
  publisher = {American Physical Society},
  doi = {10.1103/PhysRevB.74.205427},
  url = {https://link.aps.org/doi/10.1103/PhysRevB.74.205427}
}


@article{c3:4,
author = {Beck,Steven M. },
title = {Studies of silicon cluster-metal atom compound formation in a supersonic molecular beam},
journal = {	J. Chem. Phys.},
volume = {87},
number = {7},
pages = {4233-4234},
year = {1987},
doi = {10.1063/1.452877},

URL = { 
        https://doi.org/10.1063/1.452877
    
},
eprint = { 
        https://doi.org/10.1063/1.452877
    
}

}



@article{c3:5,
author = {Jaeger, J. B. and Jaeger, T. D. and Duncan, M. A.},
title = {Photodissociation of metal−silicon clusters: Encapsulated versus surface-bound metal},
journal = {J. Phys. Chem. A},
volume = {110},
number = {30},
pages = {9310-9314},
year = {2006},
doi = {10.1021/jp0629947} 
}



@article{c3:6,
  title = {Metal-encapsulated fullerenelike and cubic caged clusters of silicon},
  author = {Kumar, Vijay and Kawazoe, Yoshiyuki},
  journal = {Phys. Rev. Lett.},
  volume = {87},
  issue = {4},
  pages = {045503},
  numpages = {4},
  year = {2001},
  month = {Jul},
  publisher = {American Physical Society},
  doi = {10.1103/PhysRevLett.87.045503},
  url = {https://link.aps.org/doi/10.1103/PhysRevLett.87.045503}
}



@article{c3:7,
author = {Ngan, Vu Thi and Janssens, Ewald and Claes, Pieterjan and Lyon, Jonathan T. and Fielicke, André and Nguyen, Minh Tho and Lievens, Peter},
title = {High magnetic moments in manganese-doped silicon clusters},
journal = {	Chem. - Eur. J.},
volume = {18},
number = {49},
pages = {15788-15793},
keywords = {cluster compounds, IR spectroscopy, local magnetic moments, magnetic building blocks, mass spectrometry},
doi = {10.1002/chem.201201839},
url = {https://onlinelibrary.wiley.com/doi/abs/10.1002/chem.201201839},
eprint = {https://onlinelibrary.wiley.com/doi/pdf/10.1002/chem.201201839},
year = {2012}
}




@article{c3:8,
author = {McVey, Benjamin F. P. and Butkus, Justinas and Halpert, Jonathan E. and Hodgkiss, Justin M. and Tilley, Richard D.},
title = {Solution synthesis and optical properties of transition-metal-doped silicon nanocrystals},
journal = {J. Phys. Chem. Lett.},
volume = {6},
number = {9},
pages = {1573-1576},
year = {2015} 
}



@article{c3:9,
author = {Xiao, Chuanyun and Abraham, Ashley and Quinn, Reginald and Hagelberg, Frank and Lester, William A.},
title = {Comparative study on the interaction of scandium and copper atoms with small silicon clusters},
journal = {J. Phys. Chem. A},
volume = {106},
number = {46},
pages = {11380-11393},
year = {2002},
doi = {10.1021/jp021668y},

URL = { 
        https://doi.org/10.1021/jp021668y
    
},
eprint = { 
        https://doi.org/10.1021/jp021668y
    
}

}


@article{c3:10,
	title = {Stabilities of 3d transition-metal doped \ch{Si14} clusters},
	volume = {483},
	issn = {00092614},
	doi = {10.1016/j.cplett.2009.10.052},
	pages = {30--34},
	journaltitle = {Chem. Phys. Lett.},
	author = {He, Jiangang and Wu, Kechen and Liu, Caiping and Sa, Rongjian},
	date = {2009}
}


@article{c3:11,
  author={Friedrich Reinert and Stefan Hüfner},
  title={Photoemission spectroscopy-from early days to recent applications},
  journal={New J. Phys.},
  volume={7},
  number={1},
  pages={97},
  url={http://stacks.iop.org/1367-2630/7/i=1/a=097},
  year={2005}
}
	
	
	
@article{c3:12,
author = {Koyasu, Kiichirou and Akutsu, Minoru and Mitsui, Masaaki and Nakajima, Atsushi},
title = {Selective formation of \ch{MSi16} (M = Sc, Ti, and V)},
journal = {	J. Am. Chem. Soc.},
volume = {127},
number = {14},
pages = {4998-4999},
year = {2005} 
}




@article{c3:13,
author = {Koyasu,Kiichirou  and Atobe,Junko  and Furuse,Shunsuke  and Nakajima,Atsushi },
title = {Anion photoelectron spectroscopy of transition metal - and lanthanide metal-silicon clusters: \ch{MSin-} (n = 6 -- 20)},
journal = {J. Chem. Phys.},
volume = {129},
number = {21},
pages = {214301},
year = {2008} 
}



@article{c3:14,
  author={Xu Hong-Guang and Wu Miao-Miao and Zhang Zeng-Guang and Sun Qiang and Zheng Wei-Jun},
  title={Structural and bonding properties of \ch{ScSi_n-} ( n = 2 -- 6) clusters: Photoelectron spectroscopy and density functional calculations},
  journal={Chin. Phys. B},
  volume={20},
  number={4},
  pages={043102},
  year={2011}
}


@article{c3:15,
	title = {Photoelectron spectroscopy and density-functional study of \ch{Sc2Si_n-}(n = 2 -- 6) clusters},
	volume = {498},
	pages = {22--26},
	journaltitle = {Chem. Phys. Lett.},
	author = {Xu, Hong-Guang and Zhang, Zeng-Guang and Feng, Yuan and Zheng, Weijun},
	date = {2010}
}




@article{c3:16,
	title = {Probing the electronic structures and properties of neutral and anionic ch{ScSi_n^{(0,−1)}} (n = 1 -- 6) clusters using ccCA-TM and G4 theory},
	volume = {20},
	pages = {2114},
	number = {2},
	journaltitle = {J. Mol. Model.},
	author = {Lu, Jun and Yang, Jucai and Kang, Yali and Ning, Hongmei},
	urldate = {2016-11-02},
	date = {2014-02},
	langid = {english}
}



@article{c3:17,
author = {Dreuw, Andreas and Head-Gordon, Martin},
title = {Single-reference ab initio methods for the calculation of excited states of large molecules},
journal = {Chem. Rev.},
volume = {105},
number = {11},
pages = {4009-4037},
year = {2005} 

}



@article{c3:18,
author = {Stratmann,R. Eric  and Scuseria,Gustavo E.  and Frisch,Michael J. },
title = {An efficient implementation of time-dependent density-functional theory for the calculation of excitation energies of large molecules},
journal = {J. Chem. Phys.},
volume = {109},
number = {19},
pages = {8218-8224},
year = {1998} 
}




@article{c3:19,
	title = {Modeling of charge-transfer transitions and excited states in d6 transition metal complexes by DFT techniques},
	volume = {251},
	pages = {258--287},
	journaltitle = {Coord. Chem. Rev.},
	author = {Vlček, Antonín and Záliš, Stanislav},
	urldate = {2016-11-02},
	date = {2007},
	langid = {english}
}



@article{c3:20,
author = {Zhai, Hua-Jin and Döbler, Jens and Sauer, Joachim and Wang, Lai-Sheng},
title = {Probing the electronic structure of early transition-metal oxide clusters: Polyhedral cages of \ch{(V2O5)_n-} (n = 2 -- 4) and \ch{(M2O5)2-} (M = Nb, Ta)},
journal = {J. Am. Chem. Soc.},
volume = {129},
number = {43},
pages = {13270-13276},
year = {2007},
doi = {10.1021/ja0750874}

}


@article{c3:21,
	title = {A theoretical study on the excited states of \ch{MC3} (M = Sc, V, and Cr)},
	volume = {40},
	pages = {243--246},
	number = {2},
	journaltitle = {Eur. Phys. J. D},
	author = {Yuan, Y. and Deng, K. and Liu, Y. and Tang, C. and Lu, G. and Yang, J. and Wang, X.},
	urldate = {2019-01-11},
	date = {2006-11},
	langid = {english}
}




@article {c3:22,
	author = {Cohen, Aron J. and Mori-S{\'a}nchez, Paula and Yang, Weitao},
	title = {Insights into current limitations of density functional theory},
	volume = {321},
	number = {5890},
	pages = {792--794},
	year = {2008},
	doi = {10.1126/science.1158722},
	publisher = {American Association for the Advancement of Science},
	issn = {0036-8075},
	journal = {Science}
}



@article{c3:23,
author = {Tran, Van Tan and Iftner, Christophe and Hendrickx, Marc F. A.},
title = {A new interpretation of the photoelectron spectra of \ch{CrC2–}},
journal = {J. Phys. Chem. A},
volume = {117},
number = {27},
pages = {5613-5619},
year = {2013} 
}





@article{c3:24,
author = {Tran, Van Tan and Hendrickx, Marc F. A.},
title = {Molecular structures for \ch{FeS4^{–/0}} as determined from an ab initio study of the anion photoelectron spectra},
journal = {J. Phys. Chem. A},
volume = {117},
number = {15},
pages = {3227-3234},
year = {2013} 
}




@article{c3:25,
author = {Tran,Van Tan  and Hendrickx,Marc F. A. },
title = {Description of the geometric and electronic structures responsible for the photoelectron spectrum of \ch{FeO4−}},
journal = {J. Chem. Phys.},
volume = {135},
number = {9},
pages = {094505},
year = {2011} 
}





@article{c3:26,
author = {Tran, Van Tan and Hendrickx, Marc F. A.},
title = {A CASPT2 description of the electronic structures of \ch{FeO3^{−/0}} in relevance to the anion photoelectron spectrum},
journal = {J. Chem. Theory Comput.},
volume = {7},
number = {2},
pages = {310-319},
year = {2011} 

}



@article{c3:27,
author = {Hou, Xin-Juan and Gopakumar, G. and Lievens, Peter and Nguyen, Minh Tho},
title = {Chromium-doped germanium clusters \ch{CrGe_n} (n = 1 -- 5): Geometry, electronic structure, and topology of chemical bonding},
journal = {J. Phys. Chem. A},
volume = {111},
number = {51},
pages = {13544-13553},
year = {2007},
doi = {10.1021/jp0773233}
}






@article{c3:28,
author = {Ivanov, A. S. and Zhang, X. and Wang, H. and Boldyrev, A. I. and Gantefoer, G. and Bowen, K. H. and Černušák, I.},
title = {Anion photoelectron spectroscopy and CASSCF/CASPT2/RASSI study of \ch{La_n–} (n = 1, 3 -- 7)},
journal = {J. Phys. Chem. A},
volume = {119},
number = {46},
pages = {11293-11303},
year = {2015} 

}






@article{c3:29,
author = {Rayón, Víctor M. and Redondo, Pilar and Barrientos, Carmen and Largo, Antonio},
title = {Structure and bonding in first-row transition metal dicarbide cations \ch{MC2+}},
journal = {J. Phys. Chem. A},
volume = {111},
number = {28},
pages = {6345-6353},
year = {2007}

}




@article{c3:30,
author = {Majumdar,D.  and Roszak,S.  and Balasubramanian,K. },
title = {Electronic structure and spectroscopic properties of electronic states of \ch{VC2}, \ch{VC2−}, and \ch{VC2+}},
journal = {J. Chem. Phys.},
volume = {118},
number = {1},
pages = {130-141},
year = {2003} 

}





@article{c3:31,
author = {Tran, Van Tan and Tran, Quoc Tri},
title = {Quantum chemical Study of the low-lying electronic states of \ch{VSi3^{–/0}} clusters and interpretation of the anion photoelectron spectrum},
journal = {J. Phys. Chem. A},
volume = {120},
number = {29},
pages = {5950-5957},
year = {2016} 
}




@article{c3:32,
author = {Tran,Quoc Tri  and Tran,Van Tan },
title = {Quantum chemical study of the geometrical and electronic structures of \ch{ScSi3^{−/0}} clusters and assignment of the anion photoelectron spectra},
journal = {J. Chem. Phys.},
volume = {144},
number = {21},
pages = {214305},
year = {2016} 
}


%%%%%% B3LYP %%%%%%

@article{c3:33,
  title = {Development of the Colle-Salvetti correlation-energy formula into a functional of the electron density},
  author = {Lee, Chengteh and Yang, Weitao and Parr, Robert G.},
  journal = {Phys. Rev. B},
  volume = {37},
  issue = {2},
  pages = {785--789},
  numpages = {0},
  year = {1988},
  month = {Jan},
  publisher = {American Physical Society} 
}


@article{c3:34,
  title = {Density-functional exchange-energy approximation with correct asymptotic behavior},
  author = {Becke, A. D.},
  journal = {Phys. Rev. A},
  volume = {38},
  issue = {6},
  pages = {3098--3100},
  numpages = {0},
  year = {1988},
  month = {Sep},
  publisher = {American Physical Society}
}


@article{c3:35,
author = {Becke,Axel D. },
title = {Density-functional thermochemistry. III. The role of exact exchange},
journal = {J. Chem. Phys.},
volume = {98},
number = {7},
pages = {5648-5652},
year = {1993} 
}



%%%%%%% End B3LYP %%%%%%




@article{c3:36,
  title = {Density-functional approximation for the correlation energy of the inhomogeneous electron gas},
  author = {Perdew, John P.},
  journal = {Phys. Rev. B},
  volume = {33},
  issue = {12},
  pages = {8822--8824},
  numpages = {0},
  year = {1986},
  month = {Jun},
  publisher = {American Physical Society} 
}



@article{c3:37,
author = {Woon,David E.  and Dunning,Thom H. },
title = {Gaussian basis sets for use in correlated molecular calculations. III. The atoms aluminum through argon},
journal = {J. Chem. Phys.},
volume = {98},
number = {2},
pages = {1358-1371},
year = {1993} 
}






@article{c3:38,
author = {Balabanov,Nikolai B.  and Peterson,Kirk A. },
title = {Systematically convergent basis sets for transition metals. I. All-electron correlation consistent basis sets for the 3d elements Sc-Zn},
journal = {J. Chem. Phys.},
volume = {123},
number = {6},
pages = {064107},
year = {2005} 
}





@misc{c3:39,
	author="M. J. Frisch and G. W. Trucks and H. B. Schlegel and G. E. Scuseria and M. A. Robb and J. R. Cheeseman and G. Scalmani and V. Barone and B. Mennucci and G. A. Petersson and H. Nakatsuji and M. Caricato and X. Li and H. P. Hratchian and A. F. Izmaylov and J. Bloino and G. Zheng and J. L. Sonnenberg and M. Hada and M. Ehara and K. Toyota and R. Fukuda and J. Hasegawa and M. Ishida and T. Nakajima and Y. Honda and O. Kitao and H. Nakai and T. Vreven and Montgomery, {Jr.}, J. A. and J. E. Peralta and F. Ogliaro and M. Bearpark and J. J. Heyd and E. Brothers and K. N. Kudin and V. N. Staroverov and R. Kobayashi and J. Normand and K. Raghavachari and A. Rendell and J. C. Burant and S. S. Iyengar and J. Tomasi and M. Cossi and N. Rega and J. M. Millam and M. Klene and J. E. Knox and J. B. Cross and V. Bakken and C. Adamo and J. Jaramillo and R. Gomperts and R. E. Stratmann and O. Yazyev and A. J. Austin and R. Cammi and C. Pomelli and J. W. Ochterski and R. L. Martin and K. Morokuma and V. G. Zakrzewski and G. A. Voth and P. Salvador and J. J. Dannenberg and S. Dapprich and A. D. Daniels and Ö. Farkas and J. B. Foresman and J. V. Ortiz and J. Cioslowski and D. J. Fox",
	title="Gaussian-09 {R}evision {E}.01",
	note="Gaussian Inc. Wallingford CT 2009"
}




@article{c3:40,
author = {Andersson,Kerstin  and Malmqvist,Per-{\AA}ke  and Roos,Bj{\"o}rn O.},
title = {Second-order perturbation theory with a complete active space self-consistent field reference function},
journal = {J. Chem. Phys.},
volume = {96},
number = {2},
pages = {1218-1226},
year = {1992}
}




@article{c3:41,
	author = {Roos, Bj{\"o}rn O. and Lindh, Roland and Malmqvist, Per-{\AA}ke and Veryazov, Valera and Widmark, Per-Olof},
	title = {New relativistic ANO basis sets for transition metal atoms},
	journal = {J. Phys. Chem. A},
	volume = {109},
	number = {29},
	pages = {6575-6579},
	year = {2005} 
}




@article{c3:42,
	author = {Roos, Bj{\"o}rn O. and Lindh, Roland and Malmqvist, Per-{\AA}ke and Veryazov, Valera and Widmark, Per-Olof},
	title = {Main group atoms and dimers studied with a new relativistic ANO basis set},
	journal = {J. Phys. Chem. A},
	volume = {108},
	number = {15},
	pages = {2851-2858},
	year = {2004} 
	
}





@article{c3:43,
	author = {Markus Reiher and Alexander Wolf},
	title = {Exact decoupling of the Dirac Hamiltonian. II. The generalized Douglas-Kroll-Hess transformation up to arbitrary order},
	journal = {J. Chem. Phys.},
	volume = {121},
	number = {22},
	pages = {10945-10956},
	year = {2004} 
	
}



@article {c3:44,
	author = {Aquilante, Francesco and Autschbach, Jochen and Carlson, Rebecca K. and Chibotaru, Liviu F. and Delcey, Micka\"{e}l G. and De Vico, Luca and Fdez. Galv\'{a}n, Ignacio and Ferr\'{e}, Nicolas and Frutos, Luis Manuel and Gagliardi, Laura and Garavelli, Marco and Giussani, Angelo and Hoyer, Chad E. and Li Manni, Giovanni and Lischka, Hans and Ma, Dongxia and Malmqvist, Per \AA{}ke and M\"{u}ller, Thomas and Nenov, Artur and Olivucci, Massimo and Pedersen, Thomas Bondo and Peng, Daoling and Plasser, Felix and Pritchard, Ben and Reiher, Markus and Rivalta, Ivan and Schapiro, Igor and Segarra-{Mart\'i}, Javier and Stenrup, Michael and Truhlar, Donald G. and Ungur, Liviu and Valentini, Alessio and Vancoillie, Steven and Veryazov, Valera and Vysotskiy, Victor P. and Weingart, Oliver and Zapata, Felipe and Lindh, Roland},
	title = {Molcas 8: New capabilities for multiconfigurational quantum chemical calculations across the periodic table},
	journal = {J. Comput. Chem.},
	volume = {37},
	number = {5},
	pages = {506--541},
	year = {2016},
}




@article {c3:45,
	author = {Werner, Hans-Joachim and Knowles, Peter J. and Knizia, Gerald and Manby, Frederick R. and Sch{\"u}tz, Martin},
	title = {Molpro: a general-purpose quantum chemistry program package},
	journal = {Wiley Interdiscip. Rev.: Comput. Mol. Sci.},
	volume = {2},
	number = {2},
	publisher = {John Wiley & Sons, Inc.},
	issn = {1759-0884},
	url = {http://dx.doi.org/10.1002/wcms.82},
	doi = {10.1002/wcms.82},
	pages = {242--253},
	year = {2012},
}





@article{c3:46,
	author = {Borrelli Raffaele and  Capobianco Amedeo and  Peluso Andrea},
	title = {Franck-Condon factors-Computational approaches and recent developments},
	journal = {Can. J. Chem.},
	volume = {91},
	number = {7},
	pages = {495-504},
	year = {2013}
	
}



@article{c3:47,
author = {Kitsopoulos,T. N.  and Chick,C. J.  and Zhao,Y.  and Neumark,D. M. },
title = {Study of the low-lying electronic states of \ch{Si2} and \ch{Si2-} using negative ion photodetachment techniques},
journal = {J. Chem. Phys.},
volume = {95},
number = {3},
pages = {1441-1448},
year = {1991} 
}



@article{c3:48,
author = {Arnold,Caroline C.  and Kitsopoulos,Theofanis N.  and Neumark,Daniel M. },
title = {Reassignment of the \ch{Si2-} photodetachment spectra},
journal = {J. Chem. Phys.},
volume = {99},
number = {1},
pages = {766-768},
year = {1993} 
}



@article{c3:49,
author = {Nimlos,Mark R.  and Harding,Lawrence B.  and Ellison,G. Barney },
title = {The electronic states of \ch{Si2} and \ch{Si2-} as revealed by photoelectron spectroscopy},
journal = {J. Chem. Phys.},
volume = {87},
number = {9},
pages = {5116-5124},
year = {1987} 
}













































