%%%%%%%%%%% INTRODUCTION %%%%%%%%%%%

@article{Baumann83,
author = {Baumann,C. A.  and Van Zee,R. J.  and Bhat,S. V.  and Weltner,W. },
title = {ESR of \ch{Mn2} and \ch{Mn5} molecules in rare-gas matrices},
journal = {J. Chem. Phys.},
volume = {78},
number = {1},
pages = {190-199},
year = {1983},
doi = {10.1063/1.444540},

URL = { 
        https://doi.org/10.1063/1.444540
    
},
eprint = { 
        https://doi.org/10.1063/1.444540
    
}

}


@article{Bier88,
author = {Bier,K. D.  and Haslett,T. L.  and Kirkwood,A. D.  and Moskovits,M. },
title = {The resonance raman and visible absorbance spectra of matrix isolated \ch{Mn2} and \ch{Mn3}Bau},
journal = {J. Chem. Phys.},
volume = {89},
number = {1},
pages = {6-12},
year = {1988},
doi = {10.1063/1.455461},

URL = { 
        https://doi.org/10.1063/1.455461
    
},
eprint = { 
        https://doi.org/10.1063/1.455461
    
}

}



@article{Vanzee81,
author = {Van Zee,R. J.  and Baumann,C. A.  and Weltner,W. },
title = {The antiferromagnetic \ch{Mn2} molecule},
journal = {J. Chem. Phys.},
volume = {74},
number = {12},
pages = {6977-6978},
year = {1981},
doi = {10.1063/1.441063},

URL = { 
        https://doi.org/10.1063/1.441063
    
},
eprint = { 
        https://doi.org/10.1063/1.441063
    
}

}



@article{Yamamoto06,
author = {Yamamoto,Shigeyoshi  and Tatewaki,Hiroshi  and Moriyama,Hiroko  and Nakano,Haruyuki },
title = {A study of the ground state of manganese dimer using quasidegenerate perturbation theory},
journal = {J. Chem. Phys.},
volume = {124},
number = {12},
pages = {124302},
year = {2006},
doi = {10.1063/1.2178798},

URL = { 
        https://doi.org/10.1063/1.2178798
    
},
eprint = { 
        https://doi.org/10.1063/1.2178798
    
}

}




@article{Bondybey83,
  title={Electronic structure and vibrational frequency of \ch{Cr2}},
  author={V.E. Bondybey and J.H. English},
  journal={Chem. Phys. Lett.},
  volume={94},
  number={5},
  pages={443--447},
  year={1983},
  publisher={Elsevier}
}




@article{Cr2+,
author = {Zamudio-Bayer, Vicente and Hirsch, Konstantin and Langenberg, Andreas and Niemeyer, Markus and Vogel, Marlene and ≈Åawicki, Arkadiusz and Terasaki, Akira and Lau, J. Tobias and von Issendorff, Bernd},
title = {Maximum spin polarization in chromium dimer cations as demonstrated by X-ray magnetic circular dichroism spectroscopy},
journal = {Angew. Chem. Int. Ed.},
volume = {54},
number = {15},
pages = {4498-4501},
keywords = {chromium, exchange interactions, ion trap, magnetic properties, X-ray absorption spectroscopy},
doi = {10.1002/anie.201411018},
url = {https://onlinelibrary.wiley.com/doi/abs/10.1002/anie.201411018},
eprint = {https://onlinelibrary.wiley.com/doi/pdf/10.1002/anie.201411018},

}


@article{Mn2+,
author = {Cheeseman,M.  and Van Zee,R. J.  and Flanagan,H. L.  and Weltner,W. },
title = {Transition metal diatomics: \ch{Mn2}, \ch{Mn2+}, CrMn},
journal = {J. Chem. Phys.},
volume = {92},
number = {3},
pages = {1553-1559},
year = {1990},
doi = {10.1063/1.458086},

URL = { 
        https://doi.org/10.1063/1.458086
    
},
eprint = { 
        https://doi.org/10.1063/1.458086
    
}

}


@article{Desmarais00,
author = {Desmarais,N.  and Reuse,F. A.  and Khanna,S. N. },
title = {Magnetic coupling in neutral and charged \ch{Cr2}, \ch{Mn2}, and CrMn dimers},
journal = {J. Chem. Phys.},
volume = {112},
number = {13},
pages = {5576-5584},
year = {2000},
doi = {10.1063/1.481183},

URL = { 
        https://doi.org/10.1063/1.481183
    
},
eprint = { 
        https://doi.org/10.1063/1.481183
    
}

}

@article{Vanzee88,
author = {Van Zee,R. J.  and Weltner,W. },
title = {The ferromagnetic \ch{Mn2+} molecule},
journal = {J. Chem. Phys.},
volume = {89},
number = {7},
pages = {4444-4446},
year = {1988},
doi = {10.1063/1.454780},

URL = { 
        https://doi.org/10.1063/1.454780
    
},
eprint = { 
        https://doi.org/10.1063/1.454780
    
}

}



@article{Nhan18,
author = {Pham, Le Nhan and Claes, Pieterjan and Lievens, Peter and Jiang, Ling and Wende, Torsten and Asmis, Knut R. and Nguyen, Minh Tho and Janssens, Ewald},
title = {Geometric structures and magnetic interactions in small chromium oxide clusters},
journal = {J. Phys. Chem. C},
volume = {122},
number = {48},
pages = {27640-27647},
year = {2018},
doi = {10.1021/acs.jpcc.8b10035},

URL = { 
        https://doi.org/10.1021/acs.jpcc.8b10035
    
},
eprint = { 
        https://doi.org/10.1021/acs.jpcc.8b10035
    
}

}




@article{Longo2005,
  title = {Fully unconstrained density-functional study of the structures and magnetic moments of small Mn$_n$ clusters (n = 2 -- 7)},
  author = {Longo, R. C. and Noya, E. G. and Gallego, L. J.},
  journal = {Phys. Rev. B},
  volume = {72},
  issue = {17},
  pages = {174409},
  numpages = {7},
  year = {2005},
  month = {Nov},
  publisher = {American Physical Society},
  doi = {10.1103/PhysRevB.72.174409},
  url = {https://link.aps.org/doi/10.1103/PhysRevB.72.174409}
}



@article{Gutsev2006,
author = {Gutsev, G. L. and Mochena, M. D. and Bauschlicher, C. W.},
title = {Structure and properties of \ch{Mn_n}, \ch{Mn_n-}, and \ch{Mn_n+} clusters (n = 3 -- 10)},
journal = {J. Phys. Chem. A},
volume = {110},
number = {31},
pages = {9758-9766},
year = {2006},
doi = {10.1021/jp062533l},

URL = { 
        https://doi.org/10.1021/jp062533l
    
},
eprint = { 
        https://doi.org/10.1021/jp062533l
    
}

}


@article{Bobadova2003,
  title = {Emergence of antiferromagnetic ordering in Mn clusters},
  author = {Bobadova-Parvanova, P. and Jackson, K. A. and Srinivas, S. and Horoi, M.},
  journal = {Phys. Rev. A},
  volume = {67},
  issue = {6},
  pages = {061202},
  numpages = {4},
  year = {2003},
  month = {Jun},
  publisher = {American Physical Society},
  doi = {10.1103/PhysRevA.67.061202},
  url = {https://link.aps.org/doi/10.1103/PhysRevA.67.061202}
}



@article{Pederson98,
  title = {Magnetic transition in \ch{Mn_n} (n=2--8) clusters},
  author = {Pederson, M. R. and Reuse, F. and Khanna, S. N.},
  journal = {Phys. Rev. B},
  volume = {58},
  issue = {9},
  pages = {5632--5636},
  numpages = {0},
  year = {1998},
  month = {Sep},
  publisher = {American Physical Society},
  doi = {10.1103/PhysRevB.58.5632},
  url = {https://link.aps.org/doi/10.1103/PhysRevB.58.5632}
}



@article{Cr4,
author = {L\'{o}pez-Estrada, Omar and L\'{o}pez-Olay, Sarai and Aburto, Andrea and Orgaz, Emilio},
title = {Unexpected high spin polarization in \ch{Cr4} cluster},
journal = {J. Phys. Chem. C},
volume = {120},
number = {41},
pages = {23892-23897},
year = {2016},
doi = {10.1021/acs.jpcc.6b08575},

URL = { 
        https://doi.org/10.1021/acs.jpcc.6b08575
    
},
eprint = { 
        https://doi.org/10.1021/acs.jpcc.6b08575
    
}

}


@article{Fawcett1988,
	title = {Spin-density-wave antiferromagnetism in chromium},
	author = {Fawcett, Eric},
	journal = {Rev. Mod. Phys.},
	volume = {60},
	issue = {1},
	pages = {209--283},
	numpages = {0},
	year = {1988},
	month = {Jan},
	publisher = {American Physical Society},
	doi = {10.1103/RevModPhys.60.209},
	url = {https://link.aps.org/doi/10.1103/RevModPhys.60.209}
}



@article{Hobbs03,
  title = {Understanding the complex metallic element Mn. I. Crystalline and noncollinear magnetic structure of $\alpha$-Mn},
  author = {Hobbs, D. and Hafner, J. and Spi\ifmmode \check{s}\else \v{s}\fi{}\'ak, D.},
  journal = {Phys. Rev. B},
  volume = {68},
  issue = {1},
  pages = {014407},
  numpages = {18},
  year = {2003},
  month = {Jul},
  publisher = {American Physical Society},
  doi = {10.1103/PhysRevB.68.014407},
  url = {https://link.aps.org/doi/10.1103/PhysRevB.68.014407}
}

%%%%%%INTRODUCTION PARAGRAPH 2%%%%%%%%%%%%%


@article{Tono2003B,
	author = {Kensuke Tono and Akira Terasaki and Toshiaki Ohta and Tamotsu Kondow},
	title = {Chemically induced ferromagnetic spin coupling: Electronic and geometric structures of chromium-oxide cluster anions, \ce{Cr2O_n^-} (n = 1 -- 3), studied by Photoelectron spectroscopy},
	journal = {J. Chem. Phys.},
	volume = {119},
	number = {21},
	pages = {11221-11227},
	year = {2003},
	doi = {10.1063/1.1622385},
	
	URL = { 
	http://dx.doi.org/10.1063/1.1622385
	
	},
	eprint = { 
	http://dx.doi.org/10.1063/1.1622385
	
	}
	
}


@article{Tono2003,
	title = {Chemical control of magnetism: Oxidation-induced ferromagnetic spin coupling in the chromium dimer evidenced by photoelectron spectroscopy},
	author = {Tono, Kensuke and Terasaki, Akira and Ohta, Toshiaki and Kondow, Tamotsu},
	journal = {Phys. Rev. Lett.},
	volume = {90},
	issue = {13},
	pages = {133402},
	numpages = {4},
	year = {2003},
	month = {Apr},
	publisher = {American Physical Society},
	doi = {10.1103/PhysRevLett.90.133402},
	url = {https://link.aps.org/doi/10.1103/PhysRevLett.90.133402}
}


@article{paulCr2On,
	title={Magnetic properties of \ch{Cr2O_n-} clusters: A theoretical study},
	author={Paul, Satadal and Misra, Anirban},
	journal={J. Mol. Struc.: THEOCHEM},
	volume={895},
	number={1},
	pages={156--160},
	year={2009},
	publisher={Elsevier}
}

@article{Gutsev18,
author = {Gutsev, G. L. and Bozhenko, K. V. and Gutsev, L. G. and Utenyshev, A. N. and Aldoshin, S. M.},
title = {Dependence of properties and exchange coupling constants on the charge in the \ch{Mn2O_n} and \ch{Fe2O_n} series},
journal = {J. Chem. Phys. A},
volume = {122},
number = {25},
pages = {5644-5655},
year = {2018},
doi = {10.1021/acs.jpca.8b03496},

}


@article{Khanna04,
  title = {Spectroscopic signature of magnetic bistability in \ch{Mn2O-} anions and its implications for piezomagnetism at the nanoscale},
  author = {Khanna, S. N. and Jena, P. and Zheng, W.-J. and Nilles, J. M. and Bowen, K. H.},
  journal = {Phys. Rev. B},
  volume = {69},
  issue = {14},
  pages = {144418},
  numpages = {5},
  year = {2004},
  month = {Apr},
  publisher = {American Physical Society},
  doi = {10.1103/PhysRevB.69.144418},
  url = {https://link.aps.org/doi/10.1103/PhysRevB.69.144418}
}


@article{Marks18,
author = {Marks, J. H. and Ward, T. B. and Duncan, M. A.},
title = {Photodissociation of manganese oxide cluster cations},
journal = {J. Phys. Chem. A},
volume = {122},
number = {13},
pages = {3383-3390},
year = {2018},
doi = {10.1021/acs.jpca.8b01441},
}


@article{Williams12,
author = {Williams,Kristen S.  and Hooper,Joseph P.  and Horn,Jillian M.  and Lightstone,James M.  and Wang,Haopeng  and Ko,Yeon Jae  and Bowen,Kit H. },
title = {Magnetic structure variation in manganese-oxide clusters},
journal = {J. Chem. Phys.},
volume = {136},
number = {13},
pages = {134315},
year = {2012},
doi = {10.1063/1.3698279},

URL = { 
        https://doi.org/10.1063/1.3698279
    
},
eprint = { 
        https://doi.org/10.1063/1.3698279
    
}

}



@article{fe4o6Ding,
	author = {Xun-Lei Ding and Wei Xue and Yan-Ping Ma and Zhe-Chen Wang and Sheng-Gui He},
	title = {Density functional study on cage and noncage \ch{(Fe2O3)_n} clusters},
	journal = {J. Chem. Phys.},
	volume = {130},
	number = {1},
	pages = {014303},
	year = {2009},
	doi = {10.1063/1.3054185},
	
	URL = { 
	https://doi.org/10.1063/1.3054185
	
	},
	eprint = { 
	https://doi.org/10.1063/1.3054185
	
	}
	
}



@article{fe4o6Kirilyuk,
	title = {Ferrimagnetic cagelike \ch{Fe4O6} cluster: Structure determination from infrared dissociation spectroscopy},
	author = {Kirilyuk, A. and Fielicke, A. and Demyk, K. and von Helden, G. and Meijer, G. and Rasing, Th.},
	journal = {Phys. Rev. B},
	volume = {82},
	issue = {2},
	pages = {020405},
	numpages = {4},
	year = {2010},
	month = {Jul},
	publisher = {American Physical Society},
	doi = {10.1103/PhysRevB.82.020405},
	url = {https://link.aps.org/doi/10.1103/PhysRevB.82.020405}
}


@article{fe4o6Logemann,
	title = {Geometric, electronic, and magnetic structure of \ch{Fe_xO_y+} clusters},
	author = {Logemann, R. and demWijs, s. A. and Katsnelson, M. Ic and Kirilyuk, A.},
	journal = {Phys. Rev. B},
	volume = {92},
	issue = {14},
	pages = {144427},
	numpages = {11},
	year = {2015},
	month = {Oct},
	publisher = {American Physical Society},
	doi = {10.1103/PhysRevB.92.144427},
	url = {https://link.aps.org/doi/10.1103/PhysRevB.92.144427}
}

@Article{fe4o6Erlebach,
	author = {Erlebach, A. and Huhn, C. and Jana, R. and Sierka, M.},
	title  = {Structure and magnetic properties of \ch{(Fe2O3)_n} clusters (n = 1--5)},
	journal  = {Phys. Chem. Chem. Phys.},
	year  = {2014},
	volume  = {16},
	issue  = {48},
	pages  = {26421-26426},
	publisher  = {The Royal Society of Chemistry},
	doi  = {10.1039/C4CP02099E},
	url  = {http://dx.doi.org/10.1039/C4CP02099E},
	
}

@article{Meyei18,
  author={Meiye Jia and Johan van der Tol and Yejun Li and Valeriy Chernyy and Joost Bakker and Le Nhan Pham and Minh Nguyen and Ewald Janssens},
    title={Structures and magnetic properties of Small \ch{Co_n+} and \ch{Co_{n-1}Cr+} (n = 3 -- 5) clusters},
  journal={J. Phys.: Condens. Matter},
        
  url={http://iopscience.iop.org/10.1088/1361-648X/aae7b3},
  year={2018},

}



@article{Janssens01,
	title = {Isomorphous substitution in bimetallic oxide clusters},
	author = {Janssens, E. and Santambrogio, G. and Br\"ummer, M. and W\"oste, L. and Lievens, P. and Sauer, J. and Meijer, G. and Asmis, K. R.},
	journal = {Phys. Rev. Lett.},
	volume = {96},
	issue = {23},
	pages = {233401},
	numpages = {4},
	year = {2006},
	month = {Jun},
	publisher = {American Physical Society},
	doi = {10.1103/PhysRevLett.96.233401},
	url = {https://link.aps.org/doi/10.1103/PhysRevLett.96.233401}
}


@article{Sant2008,
	author = {Santambrogio, Gabriele and Janssens, Ewald and Li, Shaohui and Siebert, Torsten and Meijer, Gerard and Asmis, Knut R. and D\"{o}bler, Jens and Sierka, Marek and Sauer, Joachim},
	title = {Identification of conical structures in small aluminum oxide clusters: Infrared spectroscopy of \ch{(Al2O3)_{1-4}(AlO)+}},
	journal = {J. Am. Chem. Soc.},
	volume = {130},
	number = {45},
	pages = {15143-15149},
	year = {2008},
	doi = {10.1021/ja805216e},
	
}





@article{Mathias03,
	author = {Mathias Br\"{u}mmer and Cristina Kaposta and Gabriele Santambrogio and Knut R. Asmis},
	title = {Formation and photodepletion of cluster ion-messenger atom complexes in a cold ion trap: Infrared spectroscopy of \ch{VO+}, \ch{VO2+}, and \ch{VO3+}},
	journal = {J. Chem. Phys.},
	volume = {119},
	number = {24},
	pages = {12700-12703},
	year = {2003},
	doi = {10.1063/1.1634254},
		
}

@article {Asmis07,
	author = {Asmis, Knut R. and Sauer, Joachim},
	title = {Mass-selective vibrational spectroscopy of vanadium oxide cluster ions},
	journal = {Mass Spectrom. Rev.},
	volume = {26},
	number = {4},
	publisher = {Wiley Subscription Services, Inc., A Wiley Company},
	issn = {1098-2787},
	url = {http://dx.doi.org/10.1002/mas.20136},
	doi = {10.1002/mas.20136},
	pages = {542--562},
	keywords = {vanadium oxide clusters, infrared photodissociation spectroscopy, messenger atom, density functional theory (DFT), electron localization, cluster size effects},
	year = {2007},
}



@article{Dijk14,
  title={Structure investigation of \ch{Co_xO_y+} (x = 3 -- 6, y = 3 -- 8) clusters by IR vibrational spectroscopy and DFT calculations},
  author={van Dijk, Chris N and Roy, Debesh R and Fielicke, Andr{\'e} and Rasing, Theo and Reber, Arthur C and Khanna, Shiv N and Kirilyuk, Andrei},
  journal={Eur. Phys. J. D},
  volume={68},
  number={12},
  pages={357},
  year={2014},
  publisher={Springer}
}


@article{Nalbandyan13,
author = {Nalbandyan, Vladimir B. and Zvereva, Elena A. and Yalovega, Galina E. and Shukaev, Igor L. and Ryzhakova, Anastasiya P. and Guda, Alexander A. and Stroppa, Alessandro and Picozzi, Silvia and Vasiliev, Alexander N. and Whangbo, Myung-Hwan},
title = {Synthesis and characterization of \ch{MnCrO4}, a new mixed-valence antiferromagnet},
journal = {Inorg. Chem.},
volume = {52},
number = {20},
pages = {11850-11858},
year = {2013},
doi = {10.1021/ic401391b},

}


@article{Chamberland77,
author = {Chamberland, B. L. and Kafalas, J. A. and Goodenough, J. B.},
title = {Characterization of chromium manganese oxide (\ch{MnCrO3}) and chromium(III) manganate},
journal = {Inorg. Chem.},
volume = {16},
number = {1},
pages = {44-46},
year = {1977},
doi = {10.1021/ic50167a011},

}



%%%%% COMPUTATIONAL METHOD %%%%%%


		%%%%%BASIS SETS%%%%%%

@article{3-21G-2nd,
	author = {Gordon, Mark S. and Binkley, J. Stephen and Pople, John A. and Pietro, William J. and Hehre, Warren J.},
	title = {Self-consistent molecular-orbital methods. 22. Small split-valence basis sets for second-row elements},
	journal = {J. Am. Chem. Soc.},
	volume = {104},
	number = {10},
	pages = {2797-2803},
	year = {1982},
	doi = {10.1021/ja00374a017},
	
	URL = { 
	https://doi.org/10.1021/ja00374a017
	
	},
	eprint = { 
	https://doi.org/10.1021/ja00374a017
	
	}
	
}


@article{3-21G-tran,
author = {Dobbs, K. D. and Hehre, W. J.},
title = {Molecular orbital theory of the properties of inorganic and organometallic compounds 5. Extended basis sets for first-row transition metals},
journal = {	J. Comput. Chem.},
volume = {8},
number = {6},
pages = {861-879},
doi = {10.1002/jcc.540080614}
}


@article{def2,
  title={Balanced basis sets of split valence, triple zeta valence and quadruple zeta valence quality for H to Rn: Design and assessment of accuracy},
  author={Weigend, Florian and Ahlrichs, Reinhart},
  journal={Phys. Chem. Chem. Phys.},
  volume={7},
  number={18},
  pages={3297--3305},
  year={2005},
  publisher={The Royal Society of Chemistry}
}


@article{basis-ccpVTZM,
	author = {Nikolai B. Balabanov and Kirk A. Peterson},
	title = {Systematically convergent basis sets for transition metals. I. all-electron correlation consistent basis sets for the 3d elements Sc-Zn},
	journal = {J. Chem. Phys.},
	volume = {123},
	number = {6},
	pages = {064107},
	year = {2005},
	doi = {10.1063/1.1998907},
	
	URL = { 
	http://dx.doi.org/10.1063/1.1998907
	
	},
	eprint = { 
	http://dx.doi.org/10.1063/1.1998907
	
	}
	
}

@article{basis-ccpVTZO,
	author = {Dunning, Jr., Thom H.},
	title = {Gaussian basis sets for use in correlated molecular calculations. I. the atoms boron through neon and hydrogen},
	journal = {J. Chem. Phys.},
	volume = {90},
	number = {2},
	pages = {1007-1023},
	year = {1989},
	doi = {10.1063/1.456153},
	
	URL = { 
	http://dx.doi.org/10.1063/1.456153
	
	},
	eprint = { 
	http://dx.doi.org/10.1063/1.456153
	
	}
	
}



			%%%%%%%%%%FUNCTIONALS%%%%%%%%%%%%

@article{lyp,
	title = {Development of the colle-salvetti correlation-energy formula into a functional of the electron density},
	author = {Lee, Chengteh and Yang, Weitao and Parr, Robert G.},
	journal = {Phys. Rev. B},
	volume = {37},
	issue = {2},
	pages = {785--789},
	numpages = {0},
	year = {1988},
	month = {Jan},
	publisher = {American Physical Society},
	doi = {10.1103/PhysRevB.37.785},
	url = {https://link.aps.org/doi/10.1103/PhysRevB.37.785}
}

@article{b3lyp2,
	title = {Density-functional exchange-energy approximation with correct asymptotic behavior},
	author = {Becke, A. D.},
	journal = {Phys. Rev. A},
	volume = {38},
	issue = {6},
	pages = {3098--3100},
	numpages = {0},
	year = {1988},
	month = {Sep},
	publisher = {American Physical Society},
	doi = {10.1103/PhysRevA.38.3098},
	url = {https://link.aps.org/doi/10.1103/PhysRevA.38.3098}
}

@article{b3,
	author = {Axel D. Becke},
	title = {Density-functional thermochemistry. III. the role of exact exchange},
	journal = {J. Chem. Phys.},
	volume = {98},
	number = {7},
	pages = {5648-5652},
	year = {1993},
	doi = {10.1063/1.464913},
	
	URL = { 
	http://dx.doi.org/10.1063/1.464913
	
	},
	eprint = { 
	http://dx.doi.org/10.1063/1.464913
	
	}
	
}


@article{p86,
	title = {Density-functional approximation for the correlation energy of the inhomogeneous electron gas},
	author = {Perdew, John P.},
	journal = {Phys. Rev. B},
	volume = {33},
	issue = {12},
	pages = {8822--8824},
	numpages = {0},
	year = {1986},
	month = {Jun},
	publisher = {American Physical Society},
	doi = {10.1103/PhysRevB.33.8822},
	url = {https://link.aps.org/doi/10.1103/PhysRevB.33.8822}
}




@article{tpss,
	title = {Climbing the density functional ladder: Nonempirical meta\char21{}generalized gradient approximation designed for molecules and solids},
	author = {Tao, Jianmin and Perdew, John P. and Staroverov, Viktor N. and Scuseria, Gustavo E.},
	journal = {Phys. Rev. Lett.},
	volume = {91},
	issue = {14},
	pages = {146401},
	numpages = {4},
	year = {2003},
	month = {Sep},
	publisher = {American Physical Society},
	doi = {10.1103/PhysRevLett.91.146401},
	url = {https://link.aps.org/doi/10.1103/PhysRevLett.91.146401}
}


				%%%%%Dispersion correction and progams%%%%

@article{GD3,
	author = {Stefan Grimme and Jens Antony and Stephan Ehrlich and Helge Krieg},
	title = {A consistent and accurate ab initio parametrization of density functional dispersion correction (DFT-D) for the 94 elements H-Pu},
	journal = {J. Chem. Phys.},
	volume = {132},
	number = {15},
	pages = {154104},
	year = {2010},
	doi = {10.1063/1.3382344},
	
	URL = { 
	http://dx.doi.org/10.1063/1.3382344
	
	},
	eprint = { 
	http://dx.doi.org/10.1063/1.3382344
	
	}
	
}



@article{CALYPSO,
	title = {Crystal structure prediction via particle-swarm optimization},
	author = {Wang, Yanchao and Lv, Jian and Zhu, Li and Ma, Yanming},
	journal = {Phys. Rev. B},
	volume = {82},
	issue = {9},
	pages = {094116},
	numpages = {8},
	year = {2010},
	month = {Sep},
	publisher = {American Physical Society},
	doi = {10.1103/PhysRevB.82.094116},
	url = {https://link.aps.org/doi/10.1103/PhysRevB.82.094116}
}


@misc{g09,
	author="M. J. Frisch and G. W. Trucks and H. B. Schlegel and G. E. Scuseria and M. A. Robb and J. R. Cheeseman and G. Scalmani and V. Barone and B. Mennucci and G. A. Petersson and H. Nakatsuji and M. Caricato and X. Li and H. P. Hratchian and A. F. Izmaylov and J. Bloino and G. Zheng and J. L. Sonnenberg and M. Hada and M. Ehara and K. Toyota and R. Fukuda and J. Hasegawa and M. Ishida and T. Nakajima and Y. Honda and O. Kitao and H. Nakai and T. Vreven and Montgomery, {Jr.}, J. A. and J. E. Peralta and F. Ogliaro and M. Bearpark and J. J. Heyd and E. Brothers and K. N. Kudin and V. N. Staroverov and R. Kobayashi and J. Normand and K. Raghavachari and A. Rendell and J. C. Burant and S. S. Iyengar and J. Tomasi and M. Cossi and N. Rega and J. M. Millam and M. Klene and J. E. Knox and J. B. Cross and V. Bakken and C. Adamo and J. Jaramillo and R. Gomperts and R. E. Stratmann and O. Yazyev and A. J. Austin and R. Cammi and C. Pomelli and J. W. Ochterski and R. L. Martin and K. Morokuma and V. G. Zakrzewski and G. A. Voth and P. Salvador and J. J. Dannenberg and S. Dapprich and A. D. Daniels and √ñ. Farkas and J. B. Foresman and J. V. Ortiz and J. Cioslowski and D. J. Fox",
	title="Gaussian-09 {R}evision {E}.01",
	note="Gaussian Inc. Wallingford CT 2009"
}





%%%%%% RESULTS AND DISCUSSION %%%%%%%%


@book{Luo-2007,
	location = {Boca Raton},
	title = {Comprehensive handbook of chemical bond energies},
	isbn = {978-1-4200-0728-2},
	pagetotal = {1655},
	publisher = {{CRC} Press},
	author = {Luo, Yu-Ran},
	date = {2007}
}










@article{Nhan-Cr2O2,
author = {Pham, Le Nhan and Nguyen, Minh Tho},
title = {Another look at photoelectron spectra of the anion \ch{Cr2O2-}: Multireference character and energetic degeneracy},
journal = {J. Chem. Theory Comput},
volume = {14},
number = {9},
pages = {4833-4843},
year = {2018},
doi = {10.1021/acs.jctc.8b00412},

URL = { 
        https://doi.org/10.1021/acs.jctc.8b00412
    
},
eprint = { 
        https://doi.org/10.1021/acs.jctc.8b00412
    
}

}


