@article{c5:1,
  title={Academic and industry research progress in germanium nanodevices},
  author={Pillarisetty, Ravi},
  journal={Nature},
  volume={479},
  number={7373},
  pages={324},
  year={2011},
  publisher={Nature Publishing Group}
}


@article{c5:2,
  title={Anion photoelectron spectroscopy of germanium and tin clusters containing a transition-or lanthanide-metal atom; \ch{MGe_n-}(n = 8--20) and \ch{MSnn-}(n= 15--17)(M= Sc--V, Y--Nb, and Lu--Ta)},
  author={Atobe, Junko and Koyasu, Kiichirou and Furuse, Shunsuke and Nakajima, Atsushi},
  journal={Phys. Chem. Chem. Phys.},
  volume={14},
  number={26},
  pages={9403--9410},
  year={2012},
  publisher={Royal Society of Chemistry}
}



@article{c5:3,
author = {Hou, Xin-Juan and Gopakumar, G. and Lievens, Peter and Nguyen, Minh Tho},
title = {Chromium-Doped Germanium Clusters \ch{CrGe_n}(n = 1 -- 5): Geometry, Electronic Structure, and Topology of Chemical Bonding},
journal = {J. Phys. Chem. A},
volume = {111},
number = {51},
pages = {13544-13553},
year = {2007}
}




@article{c5:4,
  title={Electronic and magnetic properties of one dimensional sandwich polymers:\ch{[(Ge5)TM]}$_\infty$ (TM = Ti, V, Cr, Mn, Fe)},
  author={Li, Xinru and Ma, Yandong and Dai, Ying and Huang, Baibiao},
  journal={J. Mater. Chem. C},
  volume={1},
  number={30},
  pages={4565--4569},
  year={2013},
  publisher={Royal Society of Chemistry}
}



@article{c5:5,
author = {Tai, Truong Ba and Nguyen, Minh Tho},
title = {Enhanced stability by three-dimensional aromaticity of endohedrally doped clusters \ch{X10M^{0/-}} with X = Ge, Sn, Pb and M = Cu, Ag, Au},
journal = {J. Phys. Chem. A},
volume = {115},
number = {35},
pages = {9993-9999},
year = {2011}
}



@article{c5:6,
author = {Deng, Xiao-Jiao and Kong, Xiang-Yu and Xu, Hong-Guang and Xu, Xi-Ling and Feng, Gang and Zheng, Wei-Jun},
title = {Photoelectron spectroscopy and density functional calculations of \ch{VGe_n–} (n = 3 -- 12) Clusters},
journal = {J. Phys. Chem. C},
volume = {119},
number = {20},
pages = {11048-11055},
year = {2015} 
}



@article{c5:7,
  title={Probing the structural evolution of ruthenium doped germanium clusters: Photoelectron spectroscopy and density functional theory calculations},
  author={Jin, Yuanyuan and Lu, Shengjie and Hermann, Andreas and Kuang, Xiaoyu and Zhang, Chuanzhao and Lu, Cheng and Xu, Hongguang and Zheng, Weijun},
  journal={	Sci. Rep.},
  volume={6},
  pages={30116},
  year={2016},
  publisher={Nature Publishing Group}
}



@article{c5:8,
  title={Structural and bonding properties of small \ch{TiGe_n-} (n = 2 -- 6) clusters: photoelectron spectroscopy and density functional calculations},
  author={Deng, Xiao-Jiao and Kong, Xiang-Yu and Xu, Xi-Ling and Xu, Hong-Guang and Zheng, Wei-Jun},
  journal={RSC Adv.},
  volume={4},
  number={49},
  pages={25963--25968},
  year={2014},
  publisher={Royal Society of Chemistry}
}




@article{c5:9,
author = {Deng, Xiao-Jiao and Kong, Xiang-Yu and Xu, Xi-Ling and Xu, Hong-Guang and Zheng, Wei-Jun},
title = {Structural and magnetic properties of \ch{CoGe_n-} (n = 2 --11) clusters: photoelectron spectroscopy and density functional calculations},
journal = {ChemPhysChem},
volume = {15},
number = {18},
pages = {3987-3993},
year = {2014}
}





@article{c5:10,
author = {Espinoza-Quintero, Gabriela and Duckworth, Jack C. A. and Myers, William K. and McGrady, John E. and Goicoechea, Jose M.},
title = {Synthesis and characterization of [Ru@\ch{Ge12]3-}: An endohedral 3-connected cluster},
journal = {J. Am. Chem. Soc.},
volume = {136},
number = {4},
pages = {1210-1213},
year = {2014}
}




@article{c5:11,
  title={Transition from exohedral to endohedral structures of \ch{AuGe_n-} (n = 2 -- 12) clusters: Photoelectron spectroscopy and ab initio calculations},
  author={Lu, Sheng-Jie and Hu, Lian-Rui and Xu, Xi-Ling and Xu, Hong-Guang and Chen, Hui and Zheng, Wei-Jun},
  journal={Phys. Chem. Chem. Phys.},
  volume={18},
  number={30},
  pages={20321--20329},
  year={2016},
  publisher={Royal Society of Chemistry}
}



@article{c5:12,
author = {Burton,Gordon R.  and Xu,Cangshan  and Arnold,Caroline C.  and Neumark,Daniel M. },
title = {Photoelectron spectroscopy and zero electron kinetic energy spectroscopy of germanium cluster anions},
journal = {J. Chem. Phys.},
volume = {104},
number = {8},
pages = {2757-2764},
year = {1996} 
}




@article{c5:13,
  title={Study of small semiconductor clusters using anion photoelectron spectroscopy: Germanium clusters (Ge n, n = 2 -- 15)},
  author={Burton, Gordon R and Xu, Cangshan and Neumark, Daniel M},
  journal={Surf. Rev. Lett.},
  volume={3},
  number={01},
  pages={383--388},
  year={1996},
  publisher={World Scientific}
}



@article{c5:14,
  title={Eight electronic states and potential energy surfaces of \ch{Ge3}},
  author={Dai, Dingguo and Sumathi, K and Balasubramanian, K},
  journal={Chem. Phys. Lett.},
  volume={193},
  number={4},
  pages={251--257},
  year={1992},
  publisher={Elsevier}
}




@article{c5:15,
author = {Arnold,Caroline C.  and Xu,Cangshan  and Burton,Gordon R.  and Neumark,Daniel M. },
title = {Study of the low-lying states of \ch{Ge2} and \ch{Ge2-} using negative ion zero electron kinetic energy spectroscopy},
journal = {J. Chem. Phys.},
volume = {102},
number = {18},
pages = {6982-6989},
year = {1995}
}




@article{c5:16,
author = {Pham, Le Nhan and Nguyen, Minh Tho},
title = {Titanium digermanium: theoretical assignment of electronic transitions underlying its anion photoelectron spectrum},
journal = {J. Phys. Chem. A},
volume = {121},
number = {9},
pages = {1940-1949},
year = {2017}
}




@article{c5:17,
author = {Shi, Shun-Ping and Liu, Yi-Liang and Deng, Bang-Lin and Zhang, Chuan-Yu and Jiang, Gang},
title = {Density functional theory study of the geometrical and electronic structures of \ch{Ge_nV^{(0,±1)}}(n = 1 -- 9) clusters},
journal = {Int. J. Mod. Phys. B},
volume = {31},
number = {05},
pages = {1750022},
year = {2017}
}





@article{c5:18,
author = {Andersson,Kerstin  and Malmqvist,Per-{\AA}ke  and Roos,Bj{\"o}rn O.},
title = {Second-order perturbation theory with a complete active space self-consistent field reference function},
journal = {J. Chem. Phys.},
volume = {96},
number = {2},
pages = {1218-1226},
year = {1992}
}



@article{c5:19,
	author = {Roos, Bj{\"o}rn O. and Lindh, Roland and Malmqvist, Per-{\AA}ke and Veryazov, Valera and Widmark, Per-Olof},
	title = {New relativistic ANO basis sets for transition metal atoms},
	journal = {J. Phys. Chem. A},
	volume = {109},
	number = {29},
	pages = {6575-6579},
	year = {2005} 
}




@article{c5:20,
	author = {Roos, Bj{\"o}rn O. and Lindh, Roland and Malmqvist, Per-{\AA}ke and Veryazov, Valera and Widmark, Per-Olof},
	title = {Main group atoms and dimers studied with a new relativistic ANO basis set},
	journal = {J. Phys. Chem. A},
	volume = {108},
	number = {15},
	pages = {2851-2858},
	year = {2004} 	
}




@article{c5:21,
  title={MOLCAS 7: the next generation},
  author={Aquilante, Francesco and De Vico, Luca and Ferr{\'e}, Nicolas and Ghigo, Giovanni and Malmqvist, Per-{\AA}ke and Neogr{\'a}dy, Pavel and Pedersen, Thomas Bondo and Pito{\v{n}}{\'a}k, Michal and Reiher, Markus and Roos, Bj{\"o}rn O and others},
  journal={J. Comput. Chem.},
  volume={31},
  number={1},
  pages={224--247},
  year={2010},
  publisher={Wiley Online Library}
}





@article{c5:22,
  title = {Density-functional exchange-energy approximation with correct asymptotic behavior},
  author = {Becke, A. D.},
  journal = {Phys. Rev. A},
  volume = {38},
  issue = {6},
  pages = {3098--3100},
  numpages = {0},
  year = {1988},
  month = {Sep},
  publisher = {American Physical Society} 
}




@article{c5:23,
  title = {Density-functional approximation for the correlation energy of the inhomogeneous electron gas},
  author = {Perdew, John P.},
  journal = {Phys. Rev. B},
  volume = {33},
  issue = {12},
  pages = {8822--8824},
  numpages = {0},
  year = {1986},
  month = {Jun},
  publisher = {American Physical Society} 
}





@article{c5:24,
author = {Wilson,Angela K.  and Woon,David E.  and Peterson,Kirk A.  and Dunning,Thom H. },
title = {Gaussian basis sets for use in correlated molecular calculations. IX. The atoms gallium through krypton},
journal = {J. Chem. Phys.},
volume = {110},
number = {16},
pages = {7667-7676},
year = {1999} 
}



@article{c5:25,
author = {Balabanov,Nikolai B.  and Peterson,Kirk A.},
title = {Systematically convergent basis sets for transition metals. I. All-electron correlation consistent basis sets for the 3d elements Sc–Zn},
journal = {J. Chem. Phys.},
volume = {123},
number = {6},
pages = {064107},
year = {2005}
}





@article {c5:26,
	author = {Werner, Hans-Joachim and Knowles, Peter J. and Knizia, Gerald and Manby, Frederick R. and Sch{\"u}tz, Martin},
	title = {Molpro: a general-purpose quantum chemistry program package},
	journal = {Wiley Interdiscip. Rev.: Comput. Mol. Sci.},
	volume = {2},
	number = {2},
	publisher = {John Wiley & Sons, Inc.},
	issn = {1759-0884},
	doi = {10.1002/wcms.82},
	pages = {242--253},
	year = {2012},
}





@article{c5:27,
author = {Pham, Le Nhan and Nguyen, Minh Tho},
title = {Electronic structure of neutral and anionic scandium disilicon \ch{ScSi2^{-/0}} clusters and the related anion photoelectron spectrum},
journal = {J. Phys. Chem. A},
volume = {120},
number = {47},
pages = {9401-9410},
year = {2016} 
}



@article{c5:28,
	author = {Markus Reiher and Alexander Wolf},
	title = {Exact decoupling of the Dirac Hamiltonian. II. The generalized Douglas-Kroll-Hess transformation up to arbitrary order},
	journal = {J. Chem. Phys.},
	volume = {121},
	number = {22},
	pages = {10945-10956},
	year = {2004} 
	
}





@article{c5:29,
  title={Balanced basis sets of split valence, triple zeta valence and quadruple zeta valence quality for H to Rn: Design and assessment of accuracy},
  author={Weigend, Florian and Ahlrichs, Reinhart},
  journal={Physical Chemistry Chemical Physics},
  volume={7},
  number={18},
  pages={3297--3305},
  year={2005},
  publisher={Royal Society of Chemistry}
}




@misc{c5:30, 
title = {TURBOMOLE V7.1 2016, a development of University of Karlsruhe and Forschungszentrum Karlsruhe GmbH, 1989-2007, TURBOMOLE GmbH, since 2007; available from http://www.turbomole.com. (accessed February 4, 2017)}
}






@article{c5:31,
	author = {Borrelli Raffaele and  Capobianco Amedeo and  Peluso Andrea},
	title = {Franck-Condon factors-computational approaches and recent developments},
	journal = {Can. J. Chem.},
	volume = {91},
	number = {7},
	pages = {495-504},
	year = {2013}
	
}




@article{c5:32,
author = {Pham, Le Nhan and Hendrickx, Marc F. A.},
title = {Contributions of nearly-degenerate states to the photoelectron spectra of the vanadium dicarbide anion},
journal = {J. Phys. Chem. A},
volume = {120},
number = {47},
pages = {9465-9475},
year = {2016}
}

















