%%%%%% Chapter 2 %%%%%%%
@article{c1:reinert2005,
  title={Photoemission spectroscopy—from early days to recent applications},
  author={Reinert, Friedrich and H{\"u}fner, Stefan},
  journal={New J. Phys.},
  volume={7},
  number={1},
  pages={97},
  year={2005},
  publisher={IOP Publishing}
}

@article{c1:Spicer1964,
  title = {$d$ Band of Copper},
  author = {Spicer, W. E. and Berglund, C. N.},
  journal = {Phys. Rev. Lett.},
  volume = {12},
  issue = {1},
  pages = {9--11},
  numpages = {0},
  year = {1964},
  month = {Jan},
  publisher = {American Physical Society},
  doi = {10.1103/PhysRevLett.12.9},
  url = {http://link.aps.org/doi/10.1103/PhysRevLett.12.9}
}

@article{c1:berglund1964,
  title={Photoemission studies of copper and silver: theory},
  author={Berglund, Carl Neil and Spicer, WE},
  journal={Phys. Rev.},
  volume={136},
  number={4A},
  pages={A1030},
  year={1964},
  publisher={APS}
}

@article{c1:Turner1962,
   author = {Turner, D. W. and Jobory, M. I. Al},
   title = {Determination of Ionization Potentials by Photoelectron Energy Measurement},
   journal = {J. Chem. Phys.},
   year = {1962},
   volume = {37},
   number = {12}, 
   pages = {3007-3008},
   url = {http://scitation.aip.org/content/aip/journal/jcp/37/12/10.1063/1.1733134},
   doi = {http://dx.doi.org/10.1063/1.1733134} 
}

@article{c1:Schrodinger1926,
  title = {An Undulatory Theory of the Mechanics of Atoms and Molecules},
  author = {Schr\"odinger, E.},
  journal = {Phys. Rev.},
  volume = {28},
  issue = {6},
  pages = {1049--1070},
  numpages = {0},
  year = {1926},
  month = {Dec},
  publisher = {American Physical Society},
  doi = {10.1103/PhysRev.28.1049},
  url = {http://link.aps.org/doi/10.1103/PhysRev.28.1049}
}

@article {c1:Oppenheimer1927,
author = {Born, M. and Oppenheimer, R.},
title = {Zur Quantentheorie der Molekeln},
journal = {Ann. Phys.},
volume = {389},
number = {20},
publisher = {WILEY-VCH Verlag},
issn = {1521-3889},
url = {http://dx.doi.org/10.1002/andp.19273892002},
doi = {10.1002/andp.19273892002},
pages = {457--484},
year = {1927},
}

@article{c1:slater1930,
  title={Atomic shielding constants},
  author={Slater, John C},
  journal={Phys. Rev.},
  volume={36},
  number={1},
  pages={57},
  year={1930},
  publisher={APS}
}

@inproceedings{c1:boys1950,
  title={Electronic wave functions. I. A general method of calculation for the stationary states of any molecular system},
  author={Boys, S Francis},
  booktitle={Proceedings of the Royal Society of London A: Mathematical, Physical and Engineering Sciences},
  volume={200},
  number={1063},
  pages={542--554},
  year={1950},
  organization={The Royal Society}
}

@article{c1:sherrill1999,
  title={The configuration interaction method: Advances in highly correlated approaches},
  author={Sherrill, C David and Schaefer, Henry F},
  journal={	Adv. Quantum Chem.},
  volume={34},
  pages={143--269},
  year={1999},
  publisher={Elsevier}
}

@article{c1:moller1934,
  title={Note on an approximation treatment for many-electron systems},
  author={M{\o}ller, Chr and Plesset, Milton S},
  journal={Phys. Rev.},
  volume={46},
  number={7},
  pages={618},
  year={1934},
  publisher={APS}
}

%%%%%% 11 --> 20 of chapter 1 %%%%

@article{c1:vcivzek1966,
author = {Čížek,Jiří },
title = {On the Correlation Problem in Atomic and Molecular Systems. Calculation of Wavefunction Components in Ursell‐Type Expansion Using Quantum-Field Theoretical Methods},
journal = {J. Chem. Phys.},
volume = {45},
number = {11},
pages = {4256-4266},
year = {1966}
}



@article{c1:shepard1987,
  title={The multiconfiguration self-consistent field method},
  author={Shepard, Ron},
  journal={Ab Initio Methods in Quantum Chemistry--II},
  pages={63--200},
  year={1987}
}

@article{c1:szalay2011,
  title={Multiconfiguration self-consistent field and multireference configuration interaction methods and applications},
  author={Szalay, P{\'e}ter G and M\"uller, Thomas and Gidofalvi, Gergely and Lischka, Hans and Shepard, Ron},
  journal={Chem. Rev.},
  volume={112},
  number={1},
  pages={108--181},
  year={2011},
  publisher={ACS Publications}
}

@article{c1:roos1987,
  title={The Complete Active Space Self-Consistent Field Method and its Applications in Electronic Structure Calculations},
  author={Roos, Bj{\"o}rn O},
  journal={Advances in Chemical Physics: Ab Initio Methods in Quantum Chemistry Part 2, Volume 69},
  pages={399--445},
  year={1987},
  publisher={Wiley Online Library}
}

@article{c1:roos1980,
  title={A complete active space SCF method (CASSCF) using a density matrix formulated super-CI approach},
  author={Roos, Bj{\"o}rn O and Taylor, Peter R and Si, Per EM and others},
  journal={Chem. Phys.},
  volume={48},
  number={2},
  pages={157--173},
  year={1980},
  publisher={Elsevier}
}

@article{c1:olsen1988,
  title={Determinant based configuration interaction algorithms for complete and restricted configuration interaction spaces},
  author={Olsen, Jeppe and Roos, Bj{\"o}rn O and Jo, Poul and Jo, Hans and others},
  journal={J. Chem. Phys.},
  volume={89},
  number={4},
  pages={2185--2192},
  year={1988},
  publisher={AIP Publishing}
}

@article{c1:malmqvist1990,
  title={The restricted active space self-consistent-field method, implemented with a split graph unitary group approach},
  author={Malmqvist, Per Aake and Rendell, Alistair and Roos, Bjoern O},
  journal={J. Phys. Chem.},
  volume={94},
  number={14},
  pages={5477--5482},
  year={1990},
  publisher={ACS Publications}
}

@article{c1:andersson1992,
  title={Second-order perturbation theory with a complete active space self-consistent field reference function},
  author={Andersson, Kerstin and Malmqvist, Per-{\AA}ke and Roos, Bj{\"o}rn O},
  journal={J. Chem. Phys.},
  volume={96},
  number={2},
  pages={1218--1226},
  year={1992},
  publisher={AIP Publishing}
}

@article{c1:andersson1990,
  title={Second-order perturbation theory with a CASSCF reference function},
  author={Andersson, Kerstin and Malmqvist, Per Aake and Roos, Bjoern O and Sadlej, Andrzej J and Wolinski, Krzysztof},
  journal={J. Phys. Chem.},
  volume={94},
  number={14},
  pages={5483--5488},
  year={1990},
  publisher={ACS Publications}
}

@article{c1:malmqvist2008,
  title={The restricted active space followed by second-order perturbation theory method: Theory and application to the study of CuO2 and Cu2O2 systems},
  author={Malmqvist, Per {\AA}ke and Pierloot, Kristine and Shahi, Abdul Rehaman Moughal and Cramer, Christopher J and Gagliardi, Laura},
  journal={J. Chem. Phys.},
  volume={128},
  number={20},
  pages={204109},
  year={2008},
  publisher={AIP Publishing}
}


@article{c1:22:Hohenberg,
  title={Inhomogeneous electron gas},
  author={Hohenberg, Pierre and Kohn, Walter},
  journal={Phys. Rev.},
  volume={136},
  number={3B},
  pages={B864},
  year={1964},
  publisher={APS}
}


@article{c1:23:kohn1965,
  title={Self-consistent equations including exchange and correlation effects},
  author={Kohn, Walter and Sham, Lu Jeu},
  journal={Phys. Rev.},
  volume={140},
  number={4A},
  pages={A1133},
  year={1965},
  publisher={APS}
}

@book{c1:Koch2008:Achem,
address = {Weinheim},
author = {Koch, Wolfram and Holthausen, Max C.},
edition = {2nd ed., 5. reprint},
file = {:C$\backslash$:/Users/Chipmunk/AppData/Local/Mendeley Ltd./Mendeley Desktop/Downloaded/PXQ2R5WF/Koch and Holthausen - 2008 - A chemist's guide to density functional theory.pdf:pdf},
isbn = {978-3-527-30372-4 978-3-527-30422-6},
keywords = {22.2,Chemische Verbindungen,Density functionals,Dichtefunktionalformalismus,Quantum chemistry Mathematics},
language = {eng},
mendeley-groups = {Zotero - Chapter 1,Zotero - Zotero Library},
mendeley-tags = {22.2,Chemische Verbindungen,Density functionals,Dichtefunktionalformalismus,Quantum chemistry Mathematics},
pages = {300},
publisher = {Wiley-VCH},
title = {{A chemist's guide to density functional theory}},
url = {http://www.gbv.de/dms/bowker/toc/9783527304226.pdf},
year = {2008}
}


@incollection{c1:21:Piela2014,
author = {Piela, Lucjan},
isbn = {978-0-444-59436-5},
language = {en},
mendeley-groups = {Zotero - Chapter 1,Zotero - Zotero Library},
pages = {e109--e120},
publisher = {Elsevier},
title = {{Slater-Condon Rules}},
url = {http://linkinghub.elsevier.com/retrieve/pii/B9780444594365000337},
year = {2014}
}

@book{c1:22:Lewars2011,
address = {Dordrecht},
annote = {Literaturangaben----------An outline of what computational chemistry is all about -- The concept of the potential energy surface -- Molecular mechanics -- Introduction to quantum mechanics in computational chemistry -- Ab initio calculations -- Semiempirical calculations -- Density functional calculations -- Some "special" topics: solvation, singlet diradicals, a note on heavy atoms and transition metals -- Selected literature highlights, books, websites, software and hardware},
author = {Lewars, Errol G.},
edition = {2. ed},
file = {:C$\backslash$:/Users/Chipmunk/AppData/Local/Mendeley Ltd./Mendeley Desktop/Downloaded/6WBTKZTI/Lewars - 2011 - Computational chemistry introduction to the theor.pdf:pdf},
isbn = {978-90-481-3862-3 978-90-481-3860-9 978-90-481-3861-6},
keywords = {Chemistry,Chemistry Data processing,Chemistry- Physical and theoretical,Computer simulation,Data processing,Datenverarbeitung,Mathematics,Molecular structure,Quantenchemie,Quantum chemistry,Theoretische Chemie},
language = {eng},
mendeley-groups = {Zotero - Chapter 1,Zotero - Zotero Library},
mendeley-tags = {Chemistry,Chemistry Data processing,Chemistry- Physical and theoretical,Computer simulation,Data processing,Datenverarbeitung,Mathematics,Molecular structure,Quantenchemie,Quantum chemistry,Theoretische Chemie},
pages = {664},
publisher = {Springer},
shorttitle = {Computational chemistry},
title = {{Computational chemistry: introduction to the theory and applications of molecular and quantum mechanics}},
url = {http://www.gbv.de/dms/tib-ub-hannover/612667537.pdf},
year = {2011}
}

@book{European1992,
abstract = {"Quantum Chemistry" is the course material of a European Summer School in Quantum Chemistry, organized by Bj},
address = {Berlin; New York},
author = {{European Summer School in Quantum Chemistry} and Roos, B. O},
isbn = {978-3-642-58150-2},
language = {English},
mendeley-groups = {Zotero - Chapter 1,Zotero - Zotero Library},
publisher = {Springer-Verlag},
title = {{Lecture notes in quantum chemistry}},
url = {http://catalog.hathitrust.org/api/volumes/oclc/25747762.html},
year = {1992}
}

@book{c1:DFT-Engel2011,
address = {Heidelberg [Germany] ; New York},
author = {Engel, Eberhard and Dreizler, Reiner M.},
isbn = {978-3-642-14089-1},
keywords = {Density functionals,Dichtefunktionalformalismus},
mendeley-groups = {Zotero - Chapter 1,Zotero - Zotero Library},
mendeley-tags = {Density functionals,Dichtefunktionalformalismus},
pages = {531},
publisher = {Springer},
series = {Theoretical and mathematical physics},
shorttitle = {Density functional theory},
title = {{Density functional theory: an advanced course}},
year = {2011}
}

@article{c1:23:Kohn1996,
author = {Kohn, W. and Becke, A. D. and Parr, R. G.},
doi = {10.1021/jp960669l},
issn = {0022-3654, 1541-5740},
journal = {J. Phys. Chem.},
language = {en},
mendeley-groups = {Zotero - Chapter 1,Zotero - Zotero Library},
month = {jan},
number = {31},
pages = {12974--12980},
title = {{Density Functional Theory of Electronic Structure}},
url = {http://pubs.acs.org/doi/abs/10.1021/jp960669l},
volume = {100},
year = {1996}
}

@book{c1:24:Szabo1996,
address = {Mineola, N.Y},
annote = {Previously published: 1st ed., rev. New York : McGraw-Hill, c1989},
author = {Szabo, Attila and Ostlund, Neil S.},
isbn = {978-0-486-69186-2},
keywords = {Quantum chemistry},
mendeley-groups = {Zotero - Chapter 1,Zotero - Zotero Library},
mendeley-tags = {Quantum chemistry},
pages = {466},
publisher = {Dover Publications},
shorttitle = {Modern quantum chemistry},
title = {{Modern quantum chemistry: introduction to advanced electronic structure theory}},
year = {1996}
}


%%%%%DMRG%%%%

@article{dmrg1,
  title={More $\pi$ electrons make a difference: Emergence of many radicals on graphene nanoribbons studied by ab initio DMRG theory},
  author={Mizukami, Wataru and Kurashige, Yuki and Yanai, Takeshi},
  journal={J. Chem. Theory Comput.},
  volume={9},
  number={1},
  pages={401--407},
  year={2012},
  publisher={ACS Publications}
}



@article{dmrg2,
  title={Density matrix renormalization group for ab initio Calculations and associated dynamic correlation methods: A review of theory and applications},
  author={Yanai, Takeshi and Kurashige, Yuki and Mizukami, Wataru and Chalupsk{\`y}, Jakub and Lan, Tran Nguyen and Saitow, Masaaki},
  journal={Int. J. Quantum Chem.},
  volume={115},
  number={5},
  pages={283--299},
  year={2015},
  publisher={Wiley Online Library}
}


@article{dmrg3,
  title={Multireference ab initio density matrix renormalization group (DMRG)-CASSCF and DMRG-CASPT2 study on the photochromic ring opening of spiropyran},
  author={Liu, Fengyi and Kurashige, Yuki and Yanai, Takeshi and Morokuma, Keiji},
  journal={J. Chem. Theory Comput.},
  volume={9},
  number={10},
  pages={4462--4469},
  year={2013},
  publisher={ACS Publications}
}


@article{dmrg4,
  title={High-performance ab initio density matrix renormalization group method: Applicability to large-scale multireference problems for metal compounds},
  author={Kurashige, Yuki and Yanai, Takeshi},
  journal={J. Chem. Phys.},
  volume={130},
  number={23},
  pages={234114},
  year={2009},
  publisher={AIP}
}


@article{dmrg5,
  title={Entangled quantum electronic wavefunctions of the Mn 4 CaO 5 cluster in photosystem II},
  author={Kurashige, Yuki and Chan, Garnet Kin-Lic and Yanai, Takeshi},
  journal={Nat. Chem.},
  volume={5},
  number={8},
  pages={660},
  year={2013},
  publisher={Nature Publishing Group}
}


@article{dmrg6,
  title={Second-order self-consistent-field density-matrix renormalization group},
  author={Ma, Yingjin and Knecht, Stefan and Keller, Sebastian and Reiher, Markus},
  journal={J. Chem. Theory Comput.},
  volume={13},
  number={6},
  pages={2533--2549},
  year={2017},
  publisher={ACS Publications}
}


@article{dmrg7,
  title={Cumulant approximated second-Order perturbation theory based on the density matrix renormalization group for transition metal complexes: a benchmark study},
  author={Phung, Quan Manh and Wouters, Sebastian and Pierloot, Kristine},
  journal={J. Chem. Theory Comput.},
  volume={12},
  number={9},
  pages={4352--4361},
  year={2016},
  publisher={ACS Publications}
}


@article{dmrg8,
  title={The density-matrix renormalization group in the age of matrix product states},
  author={Schollw{\"o}ck, Ulrich},
  journal={Ann. Phys.},
  volume={326},
  number={1},
  pages={96--192},
  year={2011},
  publisher={Elsevier}
}


@article{dmrg9,
  title={Density matrix renormalization group (DMRG) method as a common tool for large active-space CASSCF/CASPT2 calculations},
  author={Nakatani, Naoki and Guo, Sheng},
  journal={J. Chem. Phys.},
  volume={146},
  number={9},
  pages={094102},
  year={2017},
  publisher={AIP Publishing}
}


@article{dmrg10,
  title={Density-matrix algorithms for quantum renormalization groups},
  author={White, Steven R},
  journal={Phys. Rev. B},
  volume={48},
  number={14},
  pages={10345},
  year={1993},
  publisher={APS}
}



@article{dmrg11,
  title={Decomposition of density matrix renormalization group states into a Slater determinant basis},
  author={Moritz, Gerrit and Reiher, Markus},
  journal={J. Chem. Phys.},
  volume={126},
  number={24},
  pages={244109},
  year={2007},
  publisher={AIP}
}



@article{dmrg12,
  title={The ab-initio density matrix renormalization group in practice},
  author={Olivares-Amaya, Roberto and Hu, Weifeng and Nakatani, Naoki and Sharma, Sandeep and Yang, Jun and Chan, Garnet Kin-Lic},
  journal={J. Chem. Phys.},
  volume={142},
  number={3},
  pages={034102},
  year={2015},
  publisher={AIP Publishing}
}

@article{dmrg13,
  title={The density-matrix renormalization group in the age of matrix product states},
  author={Schollw{\"o}ck, Ulrich},
  journal={Ann. Phys.},
  volume={326},
  number={1},
  pages={96--192},
  year={2011},
  publisher={Elsevier}
}



@article{dmrg14,
  title={Longitudinal static optical properties of hydrogen chains: Finite field extrapolations of matrix product state calculations},
  author={Wouters, Sebastian and Limacher, Peter A and Van Neck, Dimitri and Ayers, Paul W},
  journal={J. Chem. Phys.},
  volume={136},
  number={13},
  pages={134110},
  year={2012},
  publisher={AIP}
}


@article{dmrg15,
  title={Multireference approaches for excited states of molecules},
  author={Lischka, Hans and Nachtigallova, Dana and Aquino, Adelia JA and Szalay, Peter G and Plasser, Felix and Machado, Francisco BC and Barbatti, Mario},
  journal={Chem. Rev.},
  volume={118},
  number={15},
  pages={7293--7361},
  year={2018},
  publisher={ACS Publications}
}




@article{dmrg16,
  title={Multireference quantum chemistry through a joint density matrix renormalization group and canonical transformation theory},
  author={Yanai, Takeshi and Kurashige, Yuki and Neuscamman, Eric and Chan, Garnet Kin-Lic},
  journal={J. Chem. Phys.},
  volume={132},
  number={2},
  pages={024105},
  year={2010},
  publisher={AIP}
}

@article{dmrg17,
  title={Extended implementation of canonical transformation theory: parallelization and a new level-shifted condition},
  author={Yanai, Takeshi and Kurashige, Yuki and Neuscamman, Eric and Chan, Garnet Kin-Lic},
  journal={Phys. Chem. Chem. Phys.},
  volume={14},
  number={21},
  pages={7809--7820},
  year={2012},
  publisher={Royal Society of Chemistry}
}


@article{dmrgcaspt2,
  title={Second-order perturbation theory with a density matrix renormalization group self-consistent field reference function: Theory and application to the study of chromium dimer},
  author={Kurashige, Yuki and Yanai, Takeshi},
  journal={J. Chem. Phys.},
  volume={135},
  number={9},
  pages={094104},
  year={2011},
  publisher={AIP}
}


@article{dmrgcaspt2c,
  title={Complete active space second-order perturbation theory with cumulant approximation for extended active-space wavefunction from density matrix renormalization group},
  author={Kurashige, Yuki and Chalupsk{\`y}, Jakub and Lan, Tran Nguyen and Yanai, Takeshi},
  journal={J. Chem. Phys.},
  volume={141},
  number={17},
  pages={174111},
  year={2014},
  publisher={AIP}
}


@article{dmrgnevpt2,
  title={N-electron valence state perturbation theory based on a density matrix renormalization group reference function, with applications to the chromium dimer and a trimer model of poly (p-phenylenevinylene)},
  author={Guo, Sheng and Watson, Mark A and Hu, Weifeng and Sun, Qiming and Chan, Garnet Kin-Lic},
  journal={J. Chem. Theory Comput.},
  volume={12},
  number={4},
  pages={1583--1591},
  year={2016},
  publisher={ACS Publications}
}

@article{dmrgnevpt22,
  title={Multireference perturbation theory with cholesky decomposition for the density matrix renormalization group},
  author={Freitag, Leon and Knecht, Stefan and Angeli, Celestino and Reiher, Markus},
  journal={J. Chem. Theory Comput.},
  volume={13},
  number={2},
  pages={451--459},
  year={2017},
  publisher={ACS Publications}
}




%%%%%DFT%%%%%

@article{c2:dft1,
  title={Computational complexity of interacting electrons and fundamental limitations of density functional theory},
  author={Schuch, Norbert and Verstraete, Frank},
  journal={Nat. Phys.},
  volume={5},
  number={10},
  pages={732},
  year={2009},
  publisher={Nature Publishing Group}
}






@article{c2:jacob,
  title={Prescription for the design and selection of density functional approximations: More constraint satisfaction with fewer fits},
  author={Perdew, John P and Ruzsinszky, Adrienn and Tao, Jianmin and Staroverov, Viktor N and Scuseria, Gustavo E and Csonka, G{\'a}bor I},
  journal={J. Chem. Phys.},
  volume={123},
  number={6},
  pages={062201},
  year={2005},
  publisher={AIP}
}



@article{c2:dh1,
  title={Double-hybrid density functional theory for excited electronic states of molecules},
  author={Grimme, Stefan and Neese, Frank},
  journal={J. Chem. Phys.},
  volume={127},
  number={15},
  pages={154116},
  year={2007},
  publisher={AIP}
}


@article{c2:dh2,
  title={Double-hybrid density functionals},
  author={Goerigk, Lars and Grimme, Stefan},
  journal={Wiley Interdiscip. Rev.: Comput. Mol. Sci.},
  volume={4},
  number={6},
  pages={576--600},
  year={2014},
  publisher={Wiley Online Library}
}




@article{irpd,
  title={Far-infrared spectroscopy of isolated transition metal clusters},
  author={Fielicke, Andr{\'e} and Von Helden, G and Meijer, Gerard},
  journal={	Eur. Phys. J. D},
  volume={34},
  number={1-3},
  pages={83--88},
  year={2005},
  publisher={Springer}
}


@article{c2:molfc,
	author = {Borrelli Raffaele and  Capobianco Amedeo and  Peluso Andrea},
	title = {Franck-Condon factors-Computational approaches and recent developments},
	journal = {Can. J. Chem.},
	volume = {91},
	number = {7},
	pages = {495-504},
	year = {2013}
	
}


@book{c2:fcf,
	title={Electronic and photoelectron spectroscopy: fundamentals and case studies},
	author={Ellis, Andrew M and Feher, Miklos and Wright, Timothy G},
	year={2005},
	publisher={Cambridge University Press}
}

@article{c2:cr4o4,
	title={Geometric Structures and Magnetic Interactions in Small Chromium Oxide Clusters},
	author={Pham, Le Nhan and Claes, Pieterjan and Lievens, Peter and Jiang, Ling and Wende, Torsten and Asmis, Knut R and Nguyen, Minh Tho and Janssens, Ewald},
	journal={J. Phys. Chem. C},
	volume={122},
	number={48},
	pages={27640--27647},
	year={2018},
	publisher={ACS Publications}
}


@article{c2:caspt2error,
  title={Multiconfigurational second-order perturbation theory: A test of geometries and binding energies},
  author={Andersson, Kerstin and Roos, Bj{\"o}rn O},
  journal={	Int. J. Quantum Chem.},
  volume={45},
  number={6},
  pages={591--607},
  year={1993},
  publisher={Wiley Online Library}
}

@article{c2:IPEA,
  title={A modified definition of the zeroth-order Hamiltonian in multiconfigurational perturbation theory (CASPT2)},
  author={Ghigo, Giovanni and Roos, Bj{\"o}rn O and Malmqvist, Per-{\AA}ke},
  journal={	Chem. Phys. Lett.},
  volume={396},
  number={1-3},
  pages={142--149},
  year={2004},
  publisher={Elsevier}
}