
@article{c1:1,
  title={3d transition metals for C--H activation},
  author={Gandeepan, Parthasarathy and MuÌˆller, Thomas and Zell, Daniel and Cera, Gianpiero and Warratz, Svenja and Ackermann, Lutz},
  journal={Chem. Rev.},
  volume={119},
  number={4},
  pages={2192--2452},
  year={2018},
  publisher={ACS Publications}
}



@article{c1:2,
author = {Zweig, Joshua E. and Kim, Daria E. and Newhouse, Timothy R.},
title = {Methods utilizing first-row transition metals in natural product total synthesis},
journal = {Chem. Rev.},
volume = {117},
number = {18},
pages = {11680-11752},
year = {2017} 
}


@article{c1:3,
  title={Transition metal-promoted biomimetic steps in total syntheses},
  author={Li, Xu-Wen and Nay, Bastien},
  journal={	Nat. Prod. Rep.},
  volume={31},
  number={4},
  pages={533--549},
  year={2014},
  publisher={Royal Society of Chemistry}
}



@article{c1:4,
author = {Chirik, Paul and Morris, Robert},
title = {Getting down to earth: The renaissance of catalysis with abundant metals},
journal = {Acc. Chem. Res.},
volume = {48},
number = {9},
pages = {2495-2495},
year = {2015}
}


@article{c1:5,
  title={Far-infrared spectroscopy of isolated transition metal clusters},
  author={Fielicke, Andr{\'e} and Von Helden, G and Meijer, Gerard},
  journal={Eur. Phys. J. D},
  volume={34},
  number={1-3},
  pages={83--88},
  year={2005},
  publisher={Springer}
}



@article{c1:6,
  title={Photoelectron spectroscopy and density-functional study of \ch{Sc2Si_n-}(n = 2 -- 6) clusters},
  author={Xu, Hong-Guang and Zhang, Zeng-Guang and Feng, Yuan and Zheng, Weijun},
  journal={Chem. Phys. Lett.},
  volume={498},
  number={1-3},
  pages={22--26},
  year={2010},
  publisher={Elsevier}
}



@article{c1:7,
  title={Formation and characterization of the oxygen-rich scandium oxide/dioxygen complexes \ch{ScO_n} (n= 4, 6, 8) in Solid Argon},
  author={Gong, Yu and Ding, Chuanfan and Zhou, Mingfei},
  journal={J. Phys. Chem. A},
  volume={111},
  number={45},
  pages={11572--11578},
  year={2007},
  publisher={ACS Publications}
}



@article{c1:8,
  title={Structural and bonding properties of \ch{ScSi_n-} (n= 2~ 6) clusters: Photoelectron spectroscopy and density functional calculations},
  author={Hong-Guang, Xu and Miao-Miao, Wu and Zeng-Guang, Zhang and Qiang, Sun and Wei-Jun, Zheng},
  journal={Chin. Phys. B},
  volume={20},
  number={4},
  pages={043102},
  year={2011},
  publisher={IOP Publishing}
}


@article{c1:9,
  title={Photoelectron spectroscopy and electronic structure of \ch{ScO_n-}(n= 1- 4) and \ch{YO_n-}(n= 1- 5): Strong electron correlation effects in \ch{ScO-} and YO},
  author={Wu, Hongbin and Wang, Lai-Sheng},
  journal={J. Phys. Chem. A},
  volume={102},
  number={46},
  pages={9129--9135},
  year={1998},
  publisher={ACS Publications}
}


@article{c1:10,
  title={Probing the Electronic Structure and Band Gap Evolution of Titanium Oxide Clusters \ch{(TiO2)_n-}(n = 1 -- 10) Using Photoelectron Spectroscopy},
  author={Zhai, Hua-Jin and Wang, Lai-Sheng},
  journal={J. Am. Chem. Soc.},
  volume={129},
  number={10},
  pages={3022--3026},
  year={2007},
  publisher={ACS Publications}
}


@article{c1:11,
  title={Structural isomers of Ti2O4 and Zr2O4 anions identified by slow photoelectron velocity-map imaging spectroscopy},
  author={Kim, Jongjin B and Weichman, Marissa L and Neumark, Daniel M},
  journal={J. Am. Chem. Soc.},
  volume={136},
  number={19},
  pages={7159--7168},
  year={2014},
  publisher={ACS Publications}
}



@article{c1:11,
  title={Selective Formation of MSi16 (M= Sc, Ti, and V)},
  author={Koyasu, Kiichirou and Akutsu, Minoru and Mitsui, Masaaki and Nakajima, Atsushi},
  journal={J. Am. Chem. Soc.},
  volume={127},
  number={14},
  pages={4998--4999},
  year={2005},
  publisher={ACS Publications}
}


@article{c1:12,
  title={New magic numbers in \ch{TixCy-} anion clusters and implications for the growth mechanisms of titanium carbide clusters},
  author={Wang, Lai-Sheng and Wang, Xue-Bin and Wu, Hongbin and Cheng, Hansong},
  journal={J. Am. Chem. Soc.},
  volume={120},
  number={26},
  pages={6556--6562},
  year={1998},
  publisher={ACS Publications}
}



@article{c1:13,
  title={Anion photoelectron spectroscopy of germanium and tin clusters containing a transition-or lanthanide-metal atom; MGe n-(n= 8--20) and MSn n-(n= 15--17)(M= Sc--V, Y--Nb, and Lu--Ta)},
  author={Atobe, Junko and Koyasu, Kiichirou and Furuse, Shunsuke and Nakajima, Atsushi},
  journal={Phys. Chem. Chem. Phys.},
  volume={14},
  number={26},
  pages={9403--9410},
  year={2012},
  publisher={Royal Society of Chemistry}
}

@article{c1:14,
  title={Vibrationally Resolved Photoelectron Spectra of \ch{TiC_x-}(x= 2- 5) Clusters},
  author={Wang, Xue-Bin and Ding, Chuan-Fan and Wang, Lai-Sheng},
  journal={J. Phys. Chem. A},
  volume={101},
  number={42},
  pages={7699--7701},
  year={1997},
  publisher={ACS Publications}
}




@article{c1:15,
  title={Structural and bonding properties of small TiGe n-(n= 2--6) clusters: photoelectron spectroscopy and density functional calculations},
  author={Deng, Xiao-Jiao and Kong, Xiang-Yu and Xu, Xi-Ling and Xu, Hong-Guang and Zheng, Wei-Jun},
  journal={RSC Adv.},
  volume={4},
  number={49},
  pages={25963--25968},
  year={2014},
  publisher={Royal Society of Chemistry}
}



@article{c1:16,
  title={Chemically induced ferromagnetic spin coupling: Electronic and geometric structures of chromium--oxide cluster anions, Cr 2 O n-(n= 1--3), studied by photoelectron spectroscopy},
  author={Tono, Kensuke and Terasaki, Akira and Ohta, Toshiaki and Kondow, Tamotsu},
  journal={J. Chem. Phys.},
  volume={119},
  number={21},
  pages={11221--11227},
  year={2003},
  publisher={AIP}
}




@article{c1:17,
  title={Probing the electronic properties of dichromium oxide clusters Cr 2 O n-(n= 1--7) using photoelectron spectroscopy},
  author={Zhai, Hua-Jin and Wang, Lai-Sheng},
  journal={J. Chem. Phys.},
  volume={125},
  number={16},
  pages={164315},
  year={2006},
  publisher={AIP}
}







