@article{c4:1,
	title = {Academic and industry research progress in germanium nanodevices},
	volume = {479},
	pages = {324},
	journal = {Nature},
	author = {Pillarisetty, Ravi},
	date = {2011-11-16}
}


@article{c4:2,
	title = {High-k/Ge MOSFETs for future nanoelectronics},
	volume = {11},
	issn = {1369-7021},
	pages = {30 -- 38},
	number = {1},
	journal = {Mater. Today},
	author = {Kamata, Yoshiki},
	date = {2008}
}


@article{c4:3,
author = {Brunco, D. P. and De Jaeger, B. and Eneman, G. and Mitard, J. and Hellings, G. and Satta, A. and Terzieva, V. and Souriau, L. and Leys, F. E. and Pourtois, G. and Houssa, M. and Winderickx, G. and Vrancken, E. and Sioncke, S. and Opsomer, K. and Nicholas, G. and Caymax, M. and Stesmans, A. and Van Steenbergen, J. and Mertens, P. W. and Meuris, M. and Heyns, M. M.}, 
title = {Germanium MOSFET devices: Advances in materials understanding, process development, and electrical performance},
volume = {155}, 
number = {7}, 
pages = {H552-H561}, 
year = {2008},
journal = {	J. Electrochem. Soc.} 
}




@article{c4:4,
	title = {Electronic and magnetic properties of one dimensional sandwich polymers: [\ch{(Ge5){TM}]$_\infty$} ({TM} = Ti, V, Cr, Mn, Fe)},
	volume = {1},
	pages = {4565--4569},
	number = {30},
	journal = {J. Mater. Chem. C},
	author = {Li, Xinru and Ma, Yandong and Dai, Ying and Huang, Baibiao},
	date = {2013}
}   




@article{c4:5,
author = {Wang,Jin  and Han,Ju-Guang },
title = {A computational investigation of copper-doped germanium and germanium clusters by the density-functional theory},
journal = {J. Chem. Phys.},
volume = {123},
number = {24},
pages = {244303},
year = {2005} 
}




@article{c4:6,
  title = {Metal-encapsulated caged clusters of germanium with large gaps and different growth behavior than silicon},
  author = {Kumar, Vijay and Kawazoe, Yoshiyuki},
  journal = {Phys. Rev. Lett.},
  volume = {88},
  issue = {23},
  pages = {235504},
  year = {2002},
  month = {May},
  publisher = {American Physical Society}
}




@article{c4:7,
author = {Jing,Qun  and Tian,Fu-yang  and Wang,Yuan-xu },
title = {No quenching of magnetic moment for the \ch{Ge_nCo} (n = 1 -- 13) clusters: First-principles calculations},
journal = {J. Chem. Phys.},
volume = {128},
number = {12},
pages = {124319},
year = {2008} 

}





@article{c4:8,
author = {Kumar,Vijay  and Kawazoe,Yoshiyuki },
title = {Metal-encapsulated icosahedral superatoms of germanium and tin with large gaps: Zn@\ch{Ge12} and Cd@\ch{Sn12}},
journal = {Appl. Phys. Lett.},
volume = {80},
number = {5},
pages = {859-861},
year = {2002}
}






@article{c4:9,
author = {Hou, Xin-Juan and Gopakumar, G. and Lievens, Peter and Nguyen, Minh Tho},
title = {Chromium-doped germanium clusters \ch{CrGe_n} (n = 1 -- 5): Geometry, electronic structure, and topology of chemical bonding},
journal = {J. Phys. Chem. A},
volume = {111},
number = {51},
pages = {13544-13553},
year = {2007}
}





@article{c4:10,
author = {Wang, Jin and Han, Ju-Guang},
title = {Geometries and electronic properties of the tungsten-doped germanium clusters: \ch{WGe_n} (n = 1 -- 17)},
journal = {J. Phys. Chem. A},
volume = {110},
number = {46},
pages = {12670-12677},
year = {2006}

}



@article{c4:11,
author = {Tai, Truong Ba and Nguyen, Minh Tho},
title = {Enhanced stability by three-dimensional aromaticity of endohedrally doped clusters \ch{X10M^{0/–}} with X = Ge, Sn, Pb and M = Cu, Ag, Au},
journal = {J. Phys. Chem. A},
volume = {115},
number = {35},
pages = {9993-9999},
year = {2011}
}



@article{c4:12,
author = {Zhang, Xia and Li, Guoliang and Gao, Zhen},
title = {Laser ablation of Co/Ge mixtures: a new type of endohedral structure, a semiconductor cage trapping a metal atom},
journal = {Rapid Commun. Mass Spectrom.},
volume = {15},
number = {17},
pages = {1573-1576}
}



@article{c4:13,
author = {Furuse,Shunsuke  and Koyasu,Kiichirou  and Atobe,Junko  and Nakajima,Atsushi },
title = {Experimental and theoretical characterization of \ch{MSi16-}, \ch{MGe16-}, \ch{MSn16-}, and \ch{MPb16-} (M = Ti, Zr, and Hf): The role of cage aromaticity},
journal = {J. Chem. Phys.},
volume = {129},
number = {6},
pages = {064311},
year = {2008}
}


@article{c4:14,
  title={Anion photoelectron spectroscopy of germanium and tin clusters containing a transition- or lanthanide-metal atom; \ch{MGen-} (n = 8 -- 20) and \ch{MSn_n^-}(n = 15 -- 17)(M = Sc -- V, Y -- Nb, and Lu -- Ta)},
  author={Atobe, Junko and Koyasu, Kiichirou and Furuse, Shunsuke and Nakajima, Atsushi},
  journal={Phys. Chem. Chem. Phys.},
  volume={14},
  number={26},
  pages={9403--9410},
  year={2012},
  publisher={Royal Society of Chemistry}
}





@article{c4:15,
author = {Deng, Xiao-Jiao and Kong, Xiang-Yu and Xu, Xi-Ling and Xu, Hong-Guang and Zheng, Wei-Jun},
title = {Structural and magnetic properties of \ch{CoGe_n^-} (n = 2 -- 11) clusters: Photoelectron spectroscopy and density functional calculations},
journal = {ChemPhysChem},
volume = {15},
number = {18},
pages = {3987-3993},
year = {2014}
}



@article{c4:16,
  title={Transition from exohedral to endohedral structures of \ch{AuGen-}(n = 2 -- 12) clusters: Photoelectron spectroscopy and ab initio calculations},
  author={Lu, Sheng-Jie and Hu, Lian-Rui and Xu, Xi-Ling and Xu, Hong-Guang and Chen, Hui and Zheng, Wei-Jun},
  journal={Phys. Chem. Chem. Phys.},
  volume={18},
  number={30},
  pages={20321--20329},
  year={2016},
  publisher={Royal Society of Chemistry}
}


@article{c4:17,
author = {Zhou, Binbin and Denning, Mark S. and Kays, Deborah L. and Goicoechea, Jose M.},
title = {Synthesis and isolation of \ch{[Fe@Ge10]$^{3-}$}: A pentagonal prismatic zintl ion cage encapsulating an interstitial iron atom},
journal = { J. Am. Chem. Soc.},
volume = {131},
number = {8},
pages = {2802-2803},
year = {2009} 
}




@article{c4:18,
author = {Espinoza-Quintero, Gabriela and Duckworth, Jack C. A. and Myers, William K. and McGrady, John E. and Goicoechea, Jose M.},
title = {Synthesis and characterization of \ch{[Ru@Ge12]^{3–}}: An endohedral 3-connected cluster},
journal = {J. Am. Chem. Soc.},
volume = {136},
number = {4},
pages = {1210-1213},
year = {2014} 
}


@article{c4:19,
  title={Probing the structural evolution of ruthenium doped germanium clusters: Photoelectron spectroscopy and density functional theory calculations},
  author={Jin, Yuanyuan and Lu, Shengjie and Hermann, Andreas and Kuang, Xiaoyu and Zhang, Chuanzhao and Lu, Cheng and Xu, Hongguang and Zheng, Weijun},
  journal={Sci. Rep.},
  volume={6},
  pages={30116},
  year={2016},
  publisher={Nature Publishing Group}
}






@article{c4:20,
author = {Wang, Jian-Qiang and Stegmaier, Saskia and F\"assler, Thomas F.},
title = {\ch{[Co@Ge10]^{3−}}: An intermetalloid cluster with archimedean pentagonal prismatic structure},
journal = {	Angew. Chem., Int. Ed.},
volume = {48},
number = {11},
pages = {1998-2002},
year = {2009}
}



@article{c4:21,
author = {Deng, Xiao-Jiao and Kong, Xiang-Yu and Xu, Hong-Guang and Xu, Xi-Ling and Feng, Gang and Zheng, Wei-Jun},
title = {Photoelectron spectroscopy and density functional calculations of \ch{VGe_n^-} (n = 3 -- 12) clusters},
journal = {J. Phys. Chem. C},
volume = {119},
number = {20},
pages = {11048-11055},
year = {2015}
}


@article{c4:22,
  title={Structural and bonding properties of small \ch{TiGen-}(n = 2 -- 6) clusters: photoelectron spectroscopy and density functional calculations},
  author={Deng, Xiao-Jiao and Kong, Xiang-Yu and Xu, Xi-Ling and Xu, Hong-Guang and Zheng, Wei-Jun},
  journal={RSC Adv.},
  volume={4},
  number={49},
  pages={25963--25968},
  year={2014},
  publisher={Royal Society of Chemistry}
}




@article{c4:23,
  title={Photoelectron spectroscopy and density functional calculations of \ch{TiGen-}(n = 7 -- 12) clusters},
  author={Deng, Xiao-Jiao and Kong, Xiang-Yu and Xu, Xi-Ling and Xu, Hong-Guang and Zheng, Wei-Jun},
  journal={	Chin. J. Chem. Phys.},
  volume={29},
  number={1},
  pages={123--128},
  year={2016},
  publisher={CPS}
}



@article{c4:24,
  title={Architecture, electronic structure and stability of TM@Ge(n)(TM = Ti, Zr and Hf; n = 1 -- 20) clusters: A density functional modeling},
  author={Kumar, Manish and Bhattacharyya, Nilanjana and Bandyopadhyay, Debashis},
  journal={J. Mol. Model.},
  volume={18},
  number={1},
  pages={405--418},
  year={2012},
  publisher={Springer}
}





@article{c4:25,
author = {Zhao, Yan and Truhlar, Donald G.},
title = {Density functionals with broad applicability in chemistry},
journal = {	Acc. Chem. Res.},
volume = {41},
number = {2},
pages = {157-167},
year = {2008}
}






@article{c4:26,
author = {Zhao,Yan  and Truhlar,Donald G. },
title = {A new local density functional for main-group thermochemistry, transition metal bonding, thermochemical kinetics, and noncovalent interactions},
journal = {J. Chem. Phys.},
volume = {125},
number = {19},
pages = {194101},
year = {2006}
}




@misc{c4:27,
	author="M. J. Frisch and G. W. Trucks and H. B. Schlegel and G. E. Scuseria and M. A. Robb and J. R. Cheeseman and G. Scalmani and V. Barone and B. Mennucci and G. A. Petersson and H. Nakatsuji and M. Caricato and X. Li and H. P. Hratchian and A. F. Izmaylov and J. Bloino and G. Zheng and J. L. Sonnenberg and M. Hada and M. Ehara and K. Toyota and R. Fukuda and J. Hasegawa and M. Ishida and T. Nakajima and Y. Honda and O. Kitao and H. Nakai and T. Vreven and Montgomery, {Jr.}, J. A. and J. E. Peralta and F. Ogliaro and M. Bearpark and J. J. Heyd and E. Brothers and K. N. Kudin and V. N. Staroverov and R. Kobayashi and J. Normand and K. Raghavachari and A. Rendell and J. C. Burant and S. S. Iyengar and J. Tomasi and M. Cossi and N. Rega and J. M. Millam and M. Klene and J. E. Knox and J. B. Cross and V. Bakken and C. Adamo and J. Jaramillo and R. Gomperts and R. E. Stratmann and O. Yazyev and A. J. Austin and R. Cammi and C. Pomelli and J. W. Ochterski and R. L. Martin and K. Morokuma and V. G. Zakrzewski and G. A. Voth and P. Salvador and J. J. Dannenberg and S. Dapprich and A. D. Daniels and Ö. Farkas and J. B. Foresman and J. V. Ortiz and J. Cioslowski and D. J. Fox",
	title="Gaussian-09 {R}evision {E}.01",
	note="Gaussian Inc. Wallingford CT 2009"
}




@article{c4:28,
author = {Balabanov,Nikolai B.  and Peterson,Kirk A. },
title = {Systematically convergent basis sets for transition metals. I. All-electron correlation consistent basis sets for the 3d elements Sc–Zn},
journal = {J. Chem. Phys.},
volume = {123},
number = {6},
pages = {064107},
year = {2005}
}



@article{c4:29,
author = {Wilson,Angela K.  and Woon,David E.  and Peterson,Kirk A.  and Dunning,Thom H. },
title = {Gaussian basis sets for use in correlated molecular calculations. IX. The atoms gallium through krypton},
journal = {J. Chem. Phys.},
volume = {110},
number = {16},
pages = {7667-7676},
year = {1999} 
}







@article{c4:30,
author = {Anderson, Michael W. and Occelli, Mario L. and Klinowski, Jacek},
title = {Carbon-13 and proton magic-angle-spinning NMR studies of the conversion of methanol over offretite/erionite intergrowths},
journal = {J. Phys. Chem.},
volume = {96},
number = {1},
pages = {388-392},
year = {1992}
}





@article{c4:31,
	author = {Roos, Bj{\"o}rn O. and Lindh, Roland and Malmqvist, Per-{\AA}ke and Veryazov, Valera and Widmark, Per-Olof},
	title = {New relativistic ANO basis sets for transition metal atoms},
	journal = {J. Phys. Chem. A},
	volume = {109},
	number = {29},
	pages = {6575-6579},
	year = {2005} 
}






@article{c4:32,
	author = {Roos, Bj{\"o}rn O. and Lindh, Roland and Malmqvist, Per-{\AA}ke and Veryazov, Valera and Widmark, Per-Olof},
	title = {Main group atoms and dimers studied with a new relativistic ANO basis set},
	journal = {J. Phys. Chem. A},
	volume = {108},
	number = {15},
	pages = {2851-2858},
	year = {2004} 
	
}





@article{c4:33,
  title={MOLCAS 7: the next generation},
  author={Aquilante, Francesco and De Vico, Luca and Ferr{\'e}, Nicolas and Ghigo, Giovanni and Malmqvist, Per-{\AA}ke and Neogr{\'a}dy, Pavel and Pedersen, Thomas Bondo and Pito{\v{n}}{\'a}k, Michal and Reiher, Markus and Roos, Bj{\"o}rn O and others},
  journal={J. Comput. Chem.},
  volume={31},
  number={1},
  pages={224--247},
  year={2010},
  publisher={Wiley Online Library}
}




@article{c4:34,
author = {Angeli,C.  and Cimiraglia,R.  and Evangelisti,S.  and Leininger,T.  and Malrieu,J.-P. },
title = {Introduction of n-electron valence states for multireference perturbation theory},
journal = {J. Chem. Phys.},
volume = {114},
number = {23},
pages = {10252-10264},
year = {2001}
}



@article {c4:35,
	author = {Werner, Hans-Joachim and Knowles, Peter J. and Knizia, Gerald and Manby, Frederick R. and Sch{\"u}tz, Martin},
	title = {Molpro: a general-purpose quantum chemistry program package},
	journal = {Wiley Interdiscip. Rev.: Comput. Mol. Sci.},
	volume = {2},
	number = {2},
	publisher = {John Wiley & Sons, Inc.},
	issn = {1759-0884},
	url = {http://dx.doi.org/10.1002/wcms.82},
	doi = {10.1002/wcms.82},
	pages = {242--253},
	year = {2012},
}





@article{c4:36,
	author = {Markus Reiher and Alexander Wolf},
	title = {Exact decoupling of the Dirac Hamiltonian. II. The generalized Douglas-Kroll-Hess transformation up to arbitrary order},
	journal = {J. Chem. Phys.},
	volume = {121},
	number = {22},
	pages = {10945-10956},
	year = {2004} 
	
}





@article{c4:37,
author = {Pham, Le Nhan and Nguyen, Minh Tho},
title = {Electronic structure of neutral and anionic scandium disilicon \ch{ScSi2^{-/0}} clusters and the related anion photoelectron spectrum},
journal = {J. Phys. Chem. A},
volume = {120},
number = {47},
pages = {9401-9410},
year = {2016} 
}




@article{c4:38,
	author = {Borrelli Raffaele and  Capobianco Amedeo and  Peluso Andrea},
	title = {Franck-Condon factors-computational approaches and recent developments},
	journal = {Can. J. Chem.},
	volume = {91},
	number = {7},
	pages = {495-504},
	year = {2013}
	
}



@article{c4:39,
author = {Burton,Gordon R. and Xu,Cangshan  and Arnold,Caroline C. and Neumark,Daniel M. },
title = {Photoelectron spectroscopy and zero electron kinetic energy spectroscopy of germanium cluster anions},
journal = {J. Chem. Phys.},
volume = {104},
number = {8},
pages = {2757-2764},
year = {1996}
}




@article{c4:40,
  title={Electron affinities of germanium anion clusters, \ch{Ge_n-} (n = 2 -- 5)},
  author={Deutsch, PW and Curtiss, LA and Blaudeau, J-P},
  journal={Chem. Phys. Lett.},
  volume={344},
  number={1-2},
  pages={101--106},
  year={2001},
  publisher={Elsevier}
}


@article{c4:41,
  title={Electronic structure of \ch{Ge2} and \ch{Ge2-} and thermodynamic properties of \ch{Ge2} from all electron ab initio investigations and Knudsen effusion mass spectroscopic measurements},
  author={Shim, Irene and Baba, M Sai and Gingerich, KA},
  journal={Chem. Phys.},
  volume={277},
  number={1},
  pages={9--20},
  year={2002},
  publisher={Elsevier}
}



@article{c4:42,
author = {Archibong,Edet F.  and St-Amant,Alain },
title = {A study of \ch{Ge_n-} and \ch{Ge_n} (n = 2 -- 6) using B3LYP-DFT and CCSD(T) methods: The structures and electron affinities of small germanium clusters},
journal = {J. Chem. Phys.},
volume = {109},
number = {3},
pages = {962-972},
year = {1998} 
}




@article{c4:43,
author = {Arnold,Caroline C.  and Xu,Cangshan  and Burton,Gordon R.  and Neumark,Daniel M. },
title = {Study of the low-lying states of \ch{Ge2} and \ch{Ge2-} using negative ion zero electron kinetic energy spectroscopy},
journal = {J. Chem. Phys.},
volume = {102},
number = {18},
pages = {6982-6989},
year = {1995} 
}





@article{c4:44,
author = {Pham, Le Nhan and Hendrickx, Marc F. A.},
title = {Contributions of nearly-degenerate states to the photoelectron spectra of the vanadium dicarbide anion},
journal = {J. Phys. Chem. A},
volume = {120},
number = {47},
pages = {9465-9475},
year = {2016}
}






























