%%%%% INTRODUCTION %%%%%%

@article{Fawcett1988,
	title = {Spin-density-wave antiferromagnetism in chromium},
	author = {Fawcett, Eric},
	journal = {Rev. Mod. Phys.},
	volume = {60},
	issue = {1},
	pages = {209--283},
	numpages = {0},
	year = {1988},
	month = {Jan},
	publisher = {American Physical Society},
	doi = {10.1103/RevModPhys.60.209},
	url = {https://link.aps.org/doi/10.1103/RevModPhys.60.209}
}




@article{bondybey1983,
	title={Electronic structure and vibrational frequency of \ce{Cr2}},
	author={Bondybey, VE and English, JH},
	journal={Chem. Phys. Lett.},
	volume={94},
	number={5},
	pages={443--447},
	year={1983},
	publisher={Elsevier}
}


@article{Riley1983,
	author = {S. J. Riley and E. K. Parks and L. G. Pobo and S. Wexler},
	title = {The A$\leftarrow$X transition in \ce{Cr2}: Predissociation, isotope effects, and the 1-1 sequence band},
	journal = {J. Chem. Phys.},
	volume = {79},
	number = {6},
	pages = {2577-2582},
	year = {1983},
	doi = {10.1063/1.446169},
	
	URL = { 
	http://dx.doi.org/10.1063/1.446169
	
	},
	eprint = { 
	http://dx.doi.org/10.1063/1.446169
	
	}
	
}


@article{Cheng1996,
	title = {Dimer growth, structural transition, and antiferromagnetic ordering of small chromium clusters},
	author = {Cheng, Hansong and Wang, Lai-Sheng},
	journal = {Phys. Rev. Lett.},
	volume = {77},
	issue = {1},
	pages = {51--54},
	numpages = {0},
	year = {1996},
	month = {Jul},
	publisher = {American Physical Society},
	doi = {10.1103/PhysRevLett.77.51},
	url = {https://link.aps.org/doi/10.1103/PhysRevLett.77.51}
}


@article{Tono2003,
	title = {Chemical control of magnetism: Oxidation-induced ferromagnetic spin coupling in the chromium dimer evidenced by photoelectron spectroscopy},
	author = {Tono, Kensuke and Terasaki, Akira and Ohta, Toshiaki and Kondow, Tamotsu},
	journal = {Phys. Rev. Lett.},
	volume = {90},
	issue = {13},
	pages = {133402},
	numpages = {4},
	year = {2003},
	month = {Apr},
	publisher = {American Physical Society},
	doi = {10.1103/PhysRevLett.90.133402},
	url = {https://link.aps.org/doi/10.1103/PhysRevLett.90.133402}
}


@article{Estrada-Cr4,
	author = {L\'{o}pez-Estrada, Omar and L\'{o}pez-Olay, Sarai and Aburto, Andrea and Orgaz, Emilio},
	title = {Unexpected high spin polarization in \ce{Cr4} cluster},
	journal = {J. Phys. Chem. C},
	volume = {120},
	number = {41},
	pages = {23892-23897},
	year = {2016},
	doi = {10.1021/acs.jpcc.6b08575},
	
	URL = { 
	http://dx.doi.org/10.1021/acs.jpcc.6b08575
	
	},
	eprint = { 
	http://dx.doi.org/10.1021/acs.jpcc.6b08575
	
	}
	
}


@article{Tono2003B,
	author = {Kensuke Tono and Akira Terasaki and Toshiaki Ohta and Tamotsu Kondow},
	title = {Chemically induced ferromagnetic spin coupling: Electronic and geometric structures of chromium-oxide cluster anions, \ce{Cr2O_n^-} (n = 1 -- 3), studied by photoelectron spectroscopy},
	journal = {J. Chem. Phys.},
	volume = {119},
	number = {21},
	pages = {11221-11227},
	year = {2003},
	doi = {10.1063/1.1622385},
	
	URL = { 
	http://dx.doi.org/10.1063/1.1622385
	
	},
	eprint = { 
	http://dx.doi.org/10.1063/1.1622385
	
	}
	
}


@article{paul2009Cr2On,
	title={Magnetic properties of \ce{Cr2O_n-} clusters: A theoretical study},
	author={Paul, Satadal and Misra, Anirban},
	journal={J. Mol. Struc.: THEOCHEM},
	volume={895},
	number={1},
	pages={156--160},
	year={2009},
	publisher={Elsevier}
}


@article{Reddy2000Cr2On,
	title = {Oscillatory magnetic coupling in \ce{Cr2O_n} (n = 1 -- 6) clusters},
	author = {Reddy, B. V. and Khanna, S. N. and Ashman, C.},
	journal = {Phys. Rev. B},
	volume = {61},
	issue = {8},
	pages = {5797--5801},
	numpages = {0},
	year = {2000},
	month = {Feb},
	publisher = {American Physical Society},
	doi = {10.1103/PhysRevB.61.5797},
	url = {https://link.aps.org/doi/10.1103/PhysRevB.61.5797}
}


@article{GutsevCr2On,
	author = {Gutsev, G. L. and Bozhenko, K. V. and Gutsev, L. G. and Utenyshev, A. N. and Aldoshin, S. M.},
	title = {Transitions from stable to metastable states in the \ce{Cr2O_n} and \ce{Cr2O_n^-} series, n = 1 -- 14},
	journal = {J. Phys. Chem. A},
	volume = {121},
	number = {4},
	pages = {845-854},
	year = {2017},
	doi = {10.1021/acs.jpca.6b11036},

	URL = { 
	http://dx.doi.org/10.1021/acs.jpca.6b11036
	
	},
	eprint = { 
	http://dx.doi.org/10.1021/acs.jpca.6b11036
	
	}
	
}



@article{Janssens2007,
author = {Janssens, Ewald and Hou, Xin Juan and Neukermans, Sven and Wang, Xin and Silverans, Roger E. and Lievens, Peter and Nguyen, Minh Tho},
title = {The exchange coupling in \ce{Cr_3O_n} (n = 0 -- 3) clusters},
journal = {J. Phys. Chem. A},
volume = {111},
number = {20},
pages = {4150-4157},
year = {2007},
doi = {10.1021/jp066982x},

URL = { 
        http://dx.doi.org/10.1021/jp066982x
    
},
eprint = { 
        http://dx.doi.org/10.1021/jp066982x
    
}

}





@article{Reactions1997,
	author = {George V. Chertihin and William D. Bare and Lester Andrews},
	title = {Reactions of laser-ablated chromium atoms with dioxygen. Infrared spectra of CrO, OCrO, CrOO, \ce{CrO3}, \ce{Cr(OO)2}, \ce{Cr2O2}, \ce{Cr2O3} and \ce{Cr2O4} in solid argon},
	journal = {J. Chem. Phys.},
	volume = {107},
	number = {8},
	pages = {2798-2806},
	year = {1997},
	doi = {10.1063/1.474637},
	
	URL = { 
	http://dx.doi.org/10.1063/1.474637
	
	},
	eprint = { 
	http://dx.doi.org/10.1063/1.474637
	
	}
	
}


@article{Zhai2008,
	author = {Zhai, Hua-Jin and Li, Shenggang and Dixon, David A. and Wang, Lai-Sheng},
	title = {Probing the electronic and structural properties of chromium oxide clusters \ce{(CrO3)_n-} and \ce{(CrO3)_n} (n = 1 -- 5): Photoelectron spectroscopy and density functional calculations},
	journal = {J. Am. Chem. Soc.},
	volume = {130},
	number = {15},
	pages = {5167-5177},
	year = {2008},
	doi = {10.1021/ja077984d},

	URL = { 
	http://dx.doi.org/10.1021/ja077984d
	
	},
	eprint = { 
	http://dx.doi.org/10.1021/ja077984d
	
	}
	
}



@article{Li2012,
	author = {Li, Shenggang and Zhai, Hua-Jin and Wang, Lai-Sheng and Dixon, David A.},
	title = {Structural and electronic properties of reduced transition metal oxide clusters, \ce{M4O10} and \ce{M4O10-} (M = Cr, W), from photoelectron spectroscopy and quantum chemical calculations},
	journal = {J. Phys. Chem. A},
	volume = {116},
	number = {21},
	pages = {5256-5271},
	year = {2012},
	doi = {10.1021/jp303604k},

	URL = { 
	http://dx.doi.org/10.1021/jp303604k
	
	},
	eprint = { 
	http://dx.doi.org/10.1021/jp303604k
	
	}
	
}



@article{Localized09,
	title = {Localized high spin states in transition-metal dimers: x-ray absorption spectroscopy study},
	author = {Lau, J. T. and Hirsch, K. and Langenberg, A. and Probst, J. and Richter, R. and Rittmann, J. and Vogel, M. and Zamudio-Bayer, V. and M\"oller, T. and von Issendorff, B.},
	journal = {Phys. Rev. B},
	volume = {79},
	issue = {24},
	pages = {241102},
	numpages = {4},
	year = {2009},
	month = {Jun},
	publisher = {American Physical Society},
	doi = {10.1103/PhysRevB.79.241102},
	url = {https://link.aps.org/doi/10.1103/PhysRevB.79.241102}
}


@article{Magnetic2000,
	author = {N. Desmarais and F. A. Reuse and S. N. Khanna},
	title = {Magnetic coupling in neutral and charged \ce{Cr2}, \ce{Mn2}, and CrMn dimers},
	journal = {J. Chem. Phys.},
	volume = {112},
	number = {13},
	pages = {5576-5584},
	year = {2000},
	doi = {10.1063/1.481183},
	
	URL = { 
	http://dx.doi.org/10.1063/1.481183
	
	},
	eprint = { 
	http://dx.doi.org/10.1063/1.481183
	
	}
	
}


@article{su1993bond,
	title={The bond energies of \ce{Cr2} and \ce{Cr2+}},
	author={Su, Chen-Xing and Hales, David A and Armentrout, Peter B},
	journal={Chemical physics letters},
	volume={201},
	number={1-4},
	pages={199--204},
	year={1993},
	publisher={Elsevier}
}


@article{Chemical2003,
	author = {Gutsev, Gennady L. and Bauschlicher, Charles W.},
	title = {Chemical bonding, electron affinity, and ionization energies of the homonuclear 3d metal dimers},
	journal = {J. Phys. Chem. A},
	volume = {107},
	number = {23},
	pages = {4755-4767},
	year = {2003},
	doi = {10.1021/jp030146v},
	
	URL = { 
	http://dx.doi.org/10.1021/jp030146v
	
	},
	eprint = { 
	http://dx.doi.org/10.1021/jp030146v
	
	}
	
}


@article{Yamada2013,
	title={Gold-standard coupled-cluster study of the ground-state chromium dimer cation},
	author={Yamada, Yurika and Hongo, Kenta and Egashira, Kazuhiro and Kita, Yukiumi and Nagashima, Umpei and Tachikawa, Masanori},
	journal={Chem. Phys. Lett.},
	volume={555},
	pages={84--86},
	year={2013},
	publisher={Elsevier}
}


@article {Zamudio2015,
	author = {Zamudio-Bayer, Vicente and Hirsch, Konstantin and Langenberg, Andreas and Niemeyer, Markus and Vogel, Marlene and \L{}awicki, Arkadiusz and Terasaki, Akira and Lau, J. Tobias and von Issendorff, Bernd},
	title = {Maximum spin polarization in chromium dimer cations as demonstrated by x-ray magnetic circular dichroism spectroscopy},
	journal = {Angew. Chem. Int. Ed.},
	volume = {54},
	number = {15},
	publisher = {WILEY-VCH Verlag},
	issn = {1521-3773},
	url = {http://dx.doi.org/10.1002/anie.201411018},
	doi = {10.1002/anie.201411018},
	pages = {4498--4501},
	keywords = {chromium, exchange interactions, ion trap, magnetic properties, x-ray absorption spectroscopy},
	year = {2015},
}


@article{pakiari2016,
	title={Geometry and electronic structure of ultrafine/nanoparticle chromium clusters (\ce{Cr_n}, n= 2--5) and their interaction with oxygen (triplet) and ethylene molecules: A dft--nbo study},
	author={Pakiari, Ali H and Shariati, Saba},
	journal={Comput. Theor. Chem.},
	volume={1084},
	pages={169--178},
	year={2016},
	publisher={Elsevier}
}


@article{Shah2018,
	title={Magnetic switching in \ce{Cr_x} (x = 2--8) and its oxide cluster series},
	author={Shah, Esha V and Roy, Debesh R},
	journal={J. Magn. Magn. Mat.},
	volume={451},
	pages={32--37},
	year={2018},
	publisher={Elsevier}
}


@article{Logemann2015,
	title = {Geometric, electronic, and magnetic structure of \ce{Fe_xO_y+} clusters},
	author = {Logemann, R. and demWijs, s. A. and Katsnelson, M. Ic and Kirilyuk, A.},
	journal = {Phys. Rev. B},
	volume = {92},
	issue = {14},
	pages = {144427},
	numpages = {11},
	year = {2015},
	month = {Oct},
	publisher = {American Physical Society},
	doi = {10.1103/PhysRevB.92.144427},
	url = {https://link.aps.org/doi/10.1103/PhysRevB.92.144427}
}




@article{Dijk2014,
	title={Structure investigation of \ce{Co_xO_y+}(x = 3--6, y = 3--8) clusters by ir vibrational spectroscopy and dft calculations},
	author={van Dijk, Chris N and Roy, Debesh R and Fielicke, Andr{\'e} and Rasing, Theo and Reber, Arthur C and Khanna, Shiv N and Kirilyuk, Andrei},
	journal={Eur. Phys. J. D},
	volume={68},
	number={12},
	pages={357},
	year={2014},
	publisher={Springer}
}



@article {Asmis2005,
	author = {Asmis, Knut R. and Santambrogio, Gabriele and Brümmer, Mathias and Sauer, Joachim},
	title = {Polyhedral vanadium oxide cages: Infrared spectra of cluster anions and size-induced d electron localization},
	journal = {Angew. Chem. Int. Ed.},
	volume = {44},
	number = {20},
	publisher = {WILEY-VCH Verlag},
	issn = {1521-3773},
	url = {http://dx.doi.org/10.1002/anie.200462894},
	doi = {10.1002/anie.200462894},
	pages = {3122--3125},
	keywords = {cluster compounds, density functional calculations, electronic structure, ir spectroscopy, vanadium},
	year = {2005},
}

@article{Mathias03,
	author = {Mathias Br\"{u}mmer and Cristina Kaposta and Gabriele Santambrogio and Knut R. Asmis},
	title = {Formation and photodepletion of cluster ion-messenger atom complexes in a cold ion trap: Infrared spectroscopy of \ce{VO+}, \ce{VO2+}, and \ce{VO3+}},
	journal = {J. Chem. Phys.},
	volume = {119},
	number = {24},
	pages = {12700-12703},
	year = {2003},
	doi = {10.1063/1.1634254},
	
	URL = { 
	https://doi.org/10.1063/1.1634254
	
	},
	eprint = { 
	https://doi.org/10.1063/1.1634254
	
	}
	
}


@article {Asmis07,
	author = {Asmis, Knut R. and Sauer, Joachim},
	title = {Mass-selective vibrational spectroscopy of vanadium oxide cluster ions},
	journal = {Mass Spectrom. Rev.},
	volume = {26},
	number = {4},
	publisher = {Wiley Subscription Services, Inc., A Wiley Company},
	issn = {1098-2787},
	url = {http://dx.doi.org/10.1002/mas.20136},
	doi = {10.1002/mas.20136},
	pages = {542--562},
	keywords = {vanadium oxide clusters, infrared photodissociation spectroscopy, messenger atom, density functional theory (DFT), electron localization, cluster size effects},
	year = {2007},
}




@article{fe4o6-Ding,
	author = {Xun-Lei Ding and Wei Xue and Yan-Ping Ma and Zhe-Chen Wang and Sheng-Gui He},
	title = {Density functional study on cage and noncage \ce{(Fe2O3)_n} clusters},
	journal = {J. Chem. Phys.},
	volume = {130},
	number = {1},
	pages = {014303},
	year = {2009},
	doi = {10.1063/1.3054185},
	
	URL = { 
	https://doi.org/10.1063/1.3054185
	
	},
	eprint = { 
	https://doi.org/10.1063/1.3054185
	
	}
	
}


@Article{Erlebach14,
	author = {Erlebach, A. and Huhn, C. and Jana, R. and Sierka, M.},
	title  = {Structure and magnetic properties of \ce{(Fe2O3)_n} clusters (n = 1--5)},
	journal  = {Phys. Chem. Chem. Phys.},
	year  = {2014},
	volume  = {16},
	issue  = {48},
	pages  = {26421-26426},
	publisher  = {The Royal Society of Chemistry},
	doi  = {10.1039/C4CP02099E},
	url  = {http://dx.doi.org/10.1039/C4CP02099E},
	
}



@article{fe4o6-Kirilyuk,
	title = {Ferrimagnetic cagelike \ce{Fe4O6} cluster: Structure determination from infrared dissociation spectroscopy},
	author = {Kirilyuk, A. and Fielicke, A. and Demyk, K. and von Helden, G. and Meijer, G. and Rasing, Th.},
	journal = {Phys. Rev. B},
	volume = {82},
	issue = {2},
	pages = {020405},
	numpages = {4},
	year = {2010},
	month = {Jul},
	publisher = {American Physical Society},
	doi = {10.1103/PhysRevB.82.020405},
	url = {https://link.aps.org/doi/10.1103/PhysRevB.82.020405}
}




%%%%%%%%%%%%%% Methods %%%%%%%%%%%%%%

@article{Daniel2009,
	author = {Daniel J. Goebbert and Gerard Meijer and Knut R. Asmis},
	title = {10 K ring electrode trap-tandem mass spectrometer for infrared spectroscopy of mass selected ions},
	journal = {AIP Conf. Proc.},
	volume = {1104},
	number = {1},
	pages = {22-29},
	year = {2009},
	doi = {10.1063/1.3115605},
	
	URL = { 
	http://aip.scitation.org/doi/abs/10.1063/1.3115605
	
	},
	eprint = { 
	http://aip.scitation.org/doi/pdf/10.1063/1.3115605
	
	}
	
}


@article{Oepts1995,
	title={The free-electron-laser user facility felix},
	author={Oepts, D and Van der Meer, AFG and Van Amersfoort, PW},
	journal={Infrared Phys. Techn.},
	volume={36},
	number={1},
	pages={297--308},
	year={1995},
	publisher={Elsevier}
}


@article{Janssens2001,
	title = {Isomorphous substitution in bimetallic oxide clusters},
	author = {Janssens, E. and Santambrogio, G. and Br\"ummer, M. and W\"oste, L. and Lievens, P. and Sauer, J. and Meijer, G. and Asmis, K. R.},
	journal = {Phys. Rev. Lett.},
	volume = {96},
	issue = {23},
	pages = {233401},
	numpages = {4},
	year = {2006},
	month = {Jun},
	publisher = {American Physical Society},
	doi = {10.1103/PhysRevLett.96.233401},
	url = {https://link.aps.org/doi/10.1103/PhysRevLett.96.233401}
}

@incollection{Ferrari17,
	location = {Weinheim, Germany},
	title = {The double-laser ablation source approach},
	isbn = {978-3-527-69841-7 978-3-527-34060-6},
	url = {http://doi.wiley.com/10.1002/9783527698417.ch4},
	pages = {59--78},
	booktitle = {Gas-Phase Synthesis of Nanoparticles},
	publisher = {Wiley-VCH},
	author = {Ferrari, Piero and Vanbuel, Jan and Li, Yejun and Liao, Ting-Wei and Janssens, Ewald and Lievens, Peter},
	editor = {Huttel, Yves},
	urldate = {2018-07-26},
	date = {2017-03-03},
	langid = {english},
	doi = {10.1002/9783527698417.ch4}
}

@misc{g09,
	author="M. J. Frisch and G. W. Trucks and H. B. Schlegel and G. E. Scuseria and M. A. Robb and J. R. Cheeseman and G. Scalmani and V. Barone and B. Mennucci and G. A. Petersson and H. Nakatsuji and M. Caricato and X. Li and H. P. Hratchian and A. F. Izmaylov and J. Bloino and G. Zheng and J. L. Sonnenberg and M. Hada and M. Ehara and K. Toyota and R. Fukuda and J. Hasegawa and M. Ishida and T. Nakajima and Y. Honda and O. Kitao and H. Nakai and T. Vreven and Montgomery, {Jr.}, J. A. and J. E. Peralta and F. Ogliaro and M. Bearpark and J. J. Heyd and E. Brothers and K. N. Kudin and V. N. Staroverov and R. Kobayashi and J. Normand and K. Raghavachari and A. Rendell and J. C. Burant and S. S. Iyengar and J. Tomasi and M. Cossi and N. Rega and J. M. Millam and M. Klene and J. E. Knox and J. B. Cross and V. Bakken and C. Adamo and J. Jaramillo and R. Gomperts and R. E. Stratmann and O. Yazyev and A. J. Austin and R. Cammi and C. Pomelli and J. W. Ochterski and R. L. Martin and K. Morokuma and V. G. Zakrzewski and G. A. Voth and P. Salvador and J. J. Dannenberg and S. Dapprich and A. D. Daniels and Ö. Farkas and J. B. Foresman and J. V. Ortiz and J. Cioslowski and D. J. Fox",
	title="Gaussian-09 {R}evision {E}.01",
	note="Gaussian Inc. Wallingford CT 2009"
}


@article{CALYPSO,
	title = {Crystal structure prediction via particle-swarm optimization},
	author = {Wang, Yanchao and Lv, Jian and Zhu, Li and Ma, Yanming},
	journal = {Phys. Rev. B},
	volume = {82},
	issue = {9},
	pages = {094116},
	numpages = {8},
	year = {2010},
	month = {Sep},
	publisher = {American Physical Society},
	doi = {10.1103/PhysRevB.82.094116},
	url = {https://link.aps.org/doi/10.1103/PhysRevB.82.094116}
}



@article{GD3,
	author = {Stefan Grimme and Jens Antony and Stephan Ehrlich and Helge Krieg},
	title = {A consistent and accurate ab initio parametrization of density functional dispersion correction (DFT-d) for the 94 elements H-Pu},
	journal = {J. Chem. Phys.},
	volume = {132},
	number = {15},
	pages = {154104},
	year = {2010},
	doi = {10.1063/1.3382344},
	
	URL = { 
	http://dx.doi.org/10.1063/1.3382344
	
	},
	eprint = { 
	http://dx.doi.org/10.1063/1.3382344
	
	}
	
}

@article{basis-augM,
	author = {Nikolai B. Balabanov and Kirk A. Peterson},
	title = {Systematically convergent basis sets for transition metals. I. All-electron correlation consistent basis sets for the 3d elements Sc-Zn},
	journal = {J. Chem. Phys.},
	volume = {123},
	number = {6},
	pages = {064107},
	year = {2005},
	doi = {10.1063/1.1998907},
	
	URL = { 
	http://dx.doi.org/10.1063/1.1998907
	
	},
	eprint = { 
	http://dx.doi.org/10.1063/1.1998907
	
	}
	
}

@article{basis-ccO,
	author = {Dunning, Jr., Thom H.},
	title = {Gaussian basis sets for use in correlated molecular calculations. I. The atoms boron through neon and hydrogen},
	journal = {J. Chem. Phys.},
	volume = {90},
	number = {2},
	pages = {1007-1023},
	year = {1989},
	doi = {10.1063/1.456153},
	
	URL = { 
	http://dx.doi.org/10.1063/1.456153
	
	},
	eprint = { 
	http://dx.doi.org/10.1063/1.456153
	
	}
	
}



%%%%%%%%FUNCTIONALS%%%%%%%%%%%%%%%%
@article{lyp,
	title = {Development of the colle-salvetti correlation-energy formula into a functional of the electron density},
	author = {Lee, Chengteh and Yang, Weitao and Parr, Robert G.},
	journal = {Phys. Rev. B},
	volume = {37},
	issue = {2},
	pages = {785--789},
	numpages = {0},
	year = {1988},
	month = {Jan},
	publisher = {American Physical Society},
	doi = {10.1103/PhysRevB.37.785},
	url = {https://link.aps.org/doi/10.1103/PhysRevB.37.785}
}

@article{b3lyp2,
	title = {Density-functional exchange-energy approximation with correct asymptotic behavior},
	author = {Becke, A. D.},
	journal = {Phys. Rev. A},
	volume = {38},
	issue = {6},
	pages = {3098--3100},
	numpages = {0},
	year = {1988},
	month = {Sep},
	publisher = {American Physical Society},
	doi = {10.1103/PhysRevA.38.3098},
	url = {https://link.aps.org/doi/10.1103/PhysRevA.38.3098}
}

@article{b3,
	author = {Axel D. Becke},
	title = {Density-functional thermochemistry. III. The role of exact exchange},
	journal = {J. Chem. Phys.},
	volume = {98},
	number = {7},
	pages = {5648-5652},
	year = {1993},
	doi = {10.1063/1.464913},
	
	URL = { 
	http://dx.doi.org/10.1063/1.464913
	
	},
	eprint = { 
	http://dx.doi.org/10.1063/1.464913
	
	}
	
}


@article{p86,
	title = {Density-functional approximation for the correlation energy of the inhomogeneous electron gas},
	author = {Perdew, John P.},
	journal = {Phys. Rev. B},
	volume = {33},
	issue = {12},
	pages = {8822--8824},
	numpages = {0},
	year = {1986},
	month = {Jun},
	publisher = {American Physical Society},
	doi = {10.1103/PhysRevB.33.8822},
	url = {https://link.aps.org/doi/10.1103/PhysRevB.33.8822}
}

@article{tpss,
	title = {Climbing the density functional ladder: Nonempirical meta\char21{}generalized gradient approximation designed for molecules and solids},
	author = {Tao, Jianmin and Perdew, John P. and Staroverov, Viktor N. and Scuseria, Gustavo E.},
	journal = {Phys. Rev. Lett.},
	volume = {91},
	issue = {14},
	pages = {146401},
	numpages = {4},
	year = {2003},
	month = {Sep},
	publisher = {American Physical Society},
	doi = {10.1103/PhysRevLett.91.146401},
	url = {https://link.aps.org/doi/10.1103/PhysRevLett.91.146401}
}

@article{m06l,
	author = {Yan Zhao and Donald G. Truhlar},
	title = {A new local density functional for main-group thermochemistry, transition metal bonding, thermochemical kinetics, and noncovalent interactions},
	journal = {J. Chem. Phys.},
	volume = {125},
	number = {19},
	pages = {194101},
	year = {2006},
	doi = {10.1063/1.2370993},
	
	URL = { 
	http://dx.doi.org/10.1063/1.2370993
	
	},
	eprint = { 
	http://dx.doi.org/10.1063/1.2370993
	
	}
	
}


%%%%%%RESULTS AND DISCUSSION%%%%%%%

@article{Veliah1998,
	author = {Veliah, Sundar and Xiang, Kai-hua and Pandey, Ravindra and Recio, J. M. and Newsam, John M.},
	title = {Density functional study of chromium oxide clusters: Structures, bonding, vibrations, and stability},
	journal = {J. Phys. Chem. B},
	volume = {102},
	number = {7},
	pages = {1126-1135},
	year = {1998},
	doi = {10.1021/jp972546m},
	
	URL = { 
	http://dx.doi.org/10.1021/jp972546m
	
	},
	eprint = { 
	http://dx.doi.org/10.1021/jp972546m
	
	}
	
}



@article{nhanCr2O2,
author = {Pham, Le Nhan and Nguyen, Minh Tho},
title = {Another look at photoelectron spectra of the anion \ce{Cr2O2-}: Multireference characters and energetic degeneracy},
journal = {J. Chem. Theory Comput.},
volume = {14},
number = {9},
pages = {4833-4843},
year = {2018},
doi = {10.1021/acs.jctc.8b00412},

URL = { 
        https://doi.org/10.1021/acs.jctc.8b00412
    
},
eprint = { 
        https://doi.org/10.1021/acs.jctc.8b00412
    
}

}



@article{Sant2008,
	author = {Santambrogio, Gabriele and Janssens, Ewald and Li, Shaohui and Siebert, Torsten and Meijer, Gerard and Asmis, Knut R. and D\"{o}bler, Jens and Sierka, Marek and Sauer, Joachim},
	title = {Identification of conical structures in small aluminum oxide clusters: Infrared spectroscopy of \ce{(Al2O3)_{1-4}(AlO)+}},
	journal = {J. Am. Chem. Soc.},
	volume = {130},
	number = {45},
	pages = {15143-15149},
	year = {2008},
	doi = {10.1021/ja805216e},
	
	URL = { 
	http://dx.doi.org/10.1021/ja805216e
	
	},
	eprint = { 
	http://dx.doi.org/10.1021/ja805216e
	
	}
	
}


@article{Cr2t,
	author = {Vancoillie, Steven and Malmqvist, Per \AA{}ke and Veryazov, Valera},
	title = {Potential energy surface of the chromium dimer re-re-revisited with multiconfigurational perturbation theory},
	journal = {J. Chem. Theory Comput.},
	volume = {12},
	number = {4},
	pages = {1647-1655},
	year = {2016},
	doi = {10.1021/acs.jctc.6b00034},
	
	URL = { 
	https://doi.org/10.1021/acs.jctc.6b00034
	
	},
	eprint = { 
	https://doi.org/10.1021/acs.jctc.6b00034
	
	}
	
}

@article{Cr2x,
	author = {Simard,Benoit  and Lebeault-Dorget,Marie-Ange  and Marijnissen,Adrian  and ter Meulen,J. J. },
	title = {Photoionization spectroscopy of dichromium and dimolybdenum: Ionization potentials and bond energies},
	journal = {J. Chem. Phys.},
	volume = {108},
	number = {23},
	pages = {9668-9674},
	year = {1998},
	doi = {10.1063/1.476442},
	
	URL = { 
	https://doi.org/10.1063/1.476442
	
	},
	eprint = { 
	https://doi.org/10.1063/1.476442
	
	}
	
}

@article{Calvo,
author = {Calvo, Florent and Li, Yejun and Kiawi, Denis M. and Bakker, Joost M. and Parneix, Pascal and Janssens, Ewald},
title = {Nonlinear effects in infrared action spectroscopy of silicon and vanadium oxide clusters: Experiment and kinetic modeling},
journal = {Phys. Chem. Chem. Phys.},
volume = {17},
number = {},
pages = {25956-25967},
year = {2015},
doi = {10.1039/c5cp02304a},

URL = { 
        https://doi.org/10.1021/acs.jctc.8b00412
    
},
eprint = { 
        https://pubs.rsc.org/en/content/articlelanding/2015/cp/c5cp02304a#!divAbstract
    
}

}