%%%% INTRODUCTION %%%%%%

@article{Cr2O2-permission,
author = {Pham, Le Nhan and Nguyen, Minh Tho},
title = {Another Look at Photoelectron Spectra of the Anion \ch{Cr2O2-}: Multireference Character and Energetic Degeneracy},
journal = {J. Chem. Theory Comput.},
volume = {14},
number = {9},
pages = {4833-4843},
year = {2018},
doi = {10.1021/acs.jctc.8b00412},

URL = { 
        https://doi.org/10.1021/acs.jctc.8b00412
    
},
eprint = { 
        https://doi.org/10.1021/acs.jctc.8b00412
    
}

}



@article{lunk15,
	title={Discovery, properties and applications of chromium and its compounds},
	author={Lunk, Hans-Joachim},
	journal={ChemTexts},
	volume={1},
	number={1},
	pages={6},
	year={2015},
	publisher={Springer}
}



@article{mcdaniel10,
	title={A review of the Phillips supported chromium catalyst and its commercial use for ethylene polymerization},
	author={McDaniel, Max P},
	journal={Adv. Catal.},
	volume={53},
	pages={123--606},
	year={2010},
	publisher={Elsevier}
}


@article{Maeda07,
	author = {Maeda, Kazuhiko and Domen, Kazunari},
	title = {New non-oxide photocatalysts designed for overall water splitting under visible light},
	journal = {J. Phys. Chem. C},
	volume = {111},
	number = {22},
	pages = {7851-7861},
	year = {2007},
	doi = {10.1021/jp070911w},
	
	URL = { 
	http://dx.doi.org/10.1021/jp070911w
	
	},
	eprint = { 
	http://dx.doi.org/10.1021/jp070911w
	
	}
	
}


@article{zhang09,
	title={Synthesis of \ce{Cr2O3}/TNTs nanocomposite and its photocatalytic hydrogen generation under visible light irradiation},
	author={Zhang, Yao Jun and Wang, Ya Chao and Yan, Wei and Li, Tuo and Li, Sheng and Hu, Ya Ru},
	journal={Appl. Surf. Sci.},
	volume={255},
	number={23},
	pages={9508--9511},
	year={2009},
	publisher={Elsevier}
}




@article {Rivalta06,
	author = {Rivalta, Ivan and Russo, Nino and Sicilia, Emilia},
	title = {Methane activation by chromium oxide cations in the gas phase: a theoretical study},
	journal = {J. Comput. Chem.},
	volume = {27},
	number = {2},
	publisher = {Wiley Subscription Services, Inc., A Wiley Company},
	issn = {1096-987X},
	url = {http://dx.doi.org/10.1002/jcc.20335},
	doi = {10.1002/jcc.20335},
	pages = {174--187},
	keywords = {methane activation, chromium oxide cations},
	year = {2006},
}

%%% Experiment works%%%%


@article{Tono2003B,
	author = {Kensuke Tono and Akira Terasaki and Toshiaki Ohta and Tamotsu Kondow},
	title = {Chemically induced ferromagnetic spin coupling: electronic and geometric structures of chromium-oxide cluster anions, \ce{Cr2O_n^-} (n = 1 -- 3), studied by photoelectron spectroscopy},
	journal = {J. Chem. Phys.},
	volume = {119},
	number = {21},
	pages = {11221-11227},
	year = {2003},
	doi = {10.1063/1.1622385},
	
	URL = { 
	http://dx.doi.org/10.1063/1.1622385
	
	},
	eprint = { 
	http://dx.doi.org/10.1063/1.1622385
	
	}
	
}




@article{Tono2003,
	title = {Chemical control of magnetism: oxidation-induced ferromagnetic spin coupling in the chromium dimer evidenced by photoelectron spectroscopy},
	author = {Tono, Kensuke and Terasaki, Akira and Ohta, Toshiaki and Kondow, Tamotsu},
	journal = {Phys. Rev. Lett.},
	volume = {90},
	issue = {13},
	pages = {133402},
	numpages = {4},
	year = {2003},
	month = {Apr},
	publisher = {American Physical Society},
	doi = {10.1103/PhysRevLett.90.133402},
	url = {https://link.aps.org/doi/10.1103/PhysRevLett.90.133402}
}




@article{Janssens07,
	author = {Janssens, Ewald and Hou, Xin Juan and Neukermans, Sven and Wang, Xin and Silverans, Roger E. and Lievens, Peter and Nguyen, Minh Tho},
	title = {The exchange coupling in \ce{Cr3O_n} (n = 0 -- 3) clusters},
	journal = {J. Phys. Chem. A},
	volume = {111},
	number = {20},
	pages = {4150-4157},
	year = {2007},
	doi = {10.1021/jp066982x},
	
	URL = { 
	http://dx.doi.org/10.1021/jp066982x
	
	},
	eprint = { 
	http://dx.doi.org/10.1021/jp066982x
	
	}
	
}


@article{banobre03,
	title={Magnetic properties of chromium (III) oxide nanoparticles},
	author={Ba{\~n}obre-L{\'o}pez, Manuel and V{\'a}zquez-V{\'a}zquez, Carlos and Rivas, Jos{\'e} and L{\'o}pez-Quintela, M Arturo},
	journal={Nanotechnology},
	volume={14},
	number={2},
	pages={318},
	year={2003},
	publisher={IOP Publishing}
}



@article{Gutsev01,
	author = {G. L. Gutsev and P. Jena and Hua-Jin Zhai and Lai-Sheng Wang},
	title = {Electronic structure of chromium oxides, \ce{CrO_n-} and \ce{CrO_n} (n = 1 -- 5) from photoelectron spectroscopy and density functional theory calculations},
	journal = {J. Chem. Phys.},
	volume = {115},
	number = {17},
	pages = {7935-7944},
	year = {2001},
	doi = {10.1063/1.1405438},
	
	URL = { 
	https://doi.org/10.1063/1.1405438
	
	},
	eprint = { 
	https://doi.org/10.1063/1.1405438
	
	}
	
}


@article{Zhai06,
	author = {Hua-Jin Zhai and Lai-Sheng Wang},
	title = {Probing the electronic properties of dichromium oxide clusters \ce{Cr2O_n} (n = 1 -- 7) using photoelectron spectroscopy},
	journal = {J. Chem. Phys.},
	volume = {125},
	number = {16},
	pages = {164315},
	year = {2006},
	doi = {10.1063/1.2360531},
	
	URL = { 
	https://doi.org/10.1063/1.2360531
	
	},
	eprint = { 
	https://doi.org/10.1063/1.2360531
	
	}
	
}


@article{Zhai08,
	author = {Zhai, Hua-Jin and Li, Shenggang and Dixon, David A. and Wang, Lai-Sheng},
	title = {Probing the electronic and structural properties of chromium oxide clusters \ce{(CrO3)_n-} and \ce{(CrO3)_n} (n = 1 -- 5): photoelectron spectroscopy and density functional calculations},
	journal = {J. Am. Chem. Soc.},
	volume = {130},
	number = {15},
	pages = {5167-5177},
	year = {2008},
	doi = {10.1021/ja077984d},
	
	URL = { 
	http://dx.doi.org/10.1021/ja077984d
	
	},
	eprint = { 
	http://dx.doi.org/10.1021/ja077984d
	
	}
	
}


@article{George97,
	author = {George V. Chertihin and William D. Bare and Lester Andrews},
	title = {Reactions of laser-ablated chromium atoms with dioxygen. Infrared spectra of CrO, OCrO, CrOO, \ce{CrO3}, \ce{Cr(OO)2}, \ce{Cr2O2}, \ce{Cr2O3} and \ce{Cr2O4} in solid argon},
	journal = {J. Chem. Phys.},
	volume = {107},
	number = {8},
	pages = {2798-2806},
	year = {1997},
	doi = {10.1063/1.474637},
	
	URL = { 
	http://dx.doi.org/10.1063/1.474637
	
	},
	eprint = { 
	http://dx.doi.org/10.1063/1.474637
	
	}
	
}



@article{Moriyama17,
	author = {Moriyama, Ryoichi and Sato, Ryuki and Nakano, Motoyoshi and Ohshimo, Keijiro and Misaizu, Fuminori},
	title = {Geometrical structures of gas phase chromium oxide cluster anions studied by ion mobility mass spectrometry},
	journal = {J. Phys. Chem. A},
	volume = {121},
	number = {30},
	pages = {5605-5613},
	year = {2017},
	doi = {10.1021/acs.jpca.7b02431},
	
	URL = { 
	http://dx.doi.org/10.1021/acs.jpca.7b02431
	
	},
	eprint = { 
	http://dx.doi.org/10.1021/acs.jpca.7b02431
	
	}
	
}


%%%%%%%%%%%%%%%%%%% Theoretical works %%%%%%%%%%%%%%




@article{Reddy99,
	title = {Chemically induced oscillatory exchange coupling in chromium oxide clusters},
	author = {Reddy, B. V. and Khanna, S. N.},
	journal = {Phys. Rev. Lett.},
	volume = {83},
	issue = {16},
	pages = {3170--3173},
	numpages = {0},
	year = {1999},
	month = {Oct},
	publisher = {American Physical Society},
	doi = {10.1103/PhysRevLett.83.3170},
	url = {https://link.aps.org/doi/10.1103/PhysRevLett.83.3170}
}


@article{GutsevCr2On,
	author = {Gutsev, G. L. and Bozhenko, K. V. and Gutsev, L. G. and Utenyshev, A. N. and Aldoshin, S. M.},
	title = {Transitions from stable to metastable states in the \ce{Cr2O_n} and \ce{Cr2O_n^-} series, n = 1 -- 14},
	journal = {J. Phys. Chem. A},
	volume = {121},
	number = {4},
	pages = {845-854},
	year = {2017},
	doi = {10.1021/acs.jpca.6b11036},
	
	URL = { 
	http://dx.doi.org/10.1021/acs.jpca.6b11036
	
	},
	eprint = { 
	http://dx.doi.org/10.1021/acs.jpca.6b11036
	
	}
	
}


@article{Veliah98,
	author = {Veliah, Sundar and Xiang, Kai-hua and Pandey, Ravindra and Recio, J. M. and Newsam, John M.},
	title = {Density functional study of chromium oxide clusters: structures, bonding, vibrations, and stability},
	journal = {J. Phys. Chem. B},
	volume = {102},
	number = {7},
	pages = {1126-1135},
	year = {1998},
	doi = {10.1021/jp972546m},
	
	URL = { 
	http://dx.doi.org/10.1021/jp972546m
	
	},
	eprint = { 
	http://dx.doi.org/10.1021/jp972546m
	
	}
	
}


@article{Li07,
	author = {Li, Shenggang and Dixon, David A.},
	title = {Benchmark calculations on the electron detachment energies of \ce{MO3- } and \ce{M2O6-} (M = Cr, Mo, W)},
	journal = {J. Phys. Chem. A},
	volume = {111},
	number = {46},
	pages = {11908-11921},
	year = {2007},
	doi = {10.1021/jp074768i},
	
	URL = { 
	http://dx.doi.org/10.1021/jp074768i
	
	},
	eprint = { 
	http://dx.doi.org/10.1021/jp074768i
	
	}
	
}



@article{wang10,
	title={Comparative DFT study of structure and magnetism of \ce{TM_nO_m} (TM = Sc--Mn, n = 1 -- 2, m = 1 -- 6) clusters},
	author={Wang, Yanbiao and Gong, Xinxin and Wang, Jinlan},
	journal={J. Chem. Phys.},
	volume={12},
	number={10},
	pages={2471--2477},
	year={2010},
	publisher={Royal Society of Chemistry}
}


@article{Reddy00,
	title = {Oscillatory magnetic coupling in \ce{Cr2O_n} (n = 1 -- 6) clusters},
	author = {Reddy, B. V. and Khanna, S. N. and Ashman, C.},
	journal = {Phys. Rev. B},
	volume = {61},
	issue = {8},
	pages = {5797--5801},
	numpages = {0},
	year = {2000},
	month = {Feb},
	publisher = {American Physical Society},
	doi = {10.1103/PhysRevB.61.5797},
	url = {https://link.aps.org/doi/10.1103/PhysRevB.61.5797}
}


@article{paul09,
	title={Magnetic properties of \ce{Cr2O_n^-} clusters: a theoretical study},
	author={Paul, Satadal and Misra, Anirban},
	journal={J. Mol. Struct.: THEOCHEM},
	volume={895},
	number={1},
	pages={156--160},
	year={2009},
	publisher={Elsevier}
}




%%%% COMPUTATIONAL METHODS %%%%%

@article{doubleshell,
	author = {Kristine Pierloot},
	title = {Transition metals compounds: Outstanding challenges for multiconfigurational methods},
	journal = {Int. J. Quantum Chem.},
	volume = {111},
	number = {13},
	pages = {3291-3301},
	keywords = {ab initio quantum chemistry, multiconfigurational methods, transition metal complexes, multiply bonded metal dimers, blue copper proteins.},
	doi = {10.1002/qua.23029},
	url = {https://onlinelibrary.wiley.com/doi/abs/10.1002/qua.23029}
	
}


@article {molcas,
	author = {Aquilante, Francesco and Autschbach, Jochen and Carlson, Rebecca K. and Chibotaru, Liviu F. and Delcey, Micka\"{e}l G. and De Vico, Luca and Fdez. Galv\'{a}n, Ignacio and Ferr\'{e}, Nicolas and Frutos, Luis Manuel and Gagliardi, Laura and Garavelli, Marco and Giussani, Angelo and Hoyer, Chad E. and Li Manni, Giovanni and Lischka, Hans and Ma, Dongxia and Malmqvist, Per \AA{}ke and M\"{u}ller, Thomas and Nenov, Artur and Olivucci, Massimo and Pedersen, Thomas Bondo and Peng, Daoling and Plasser, Felix and Pritchard, Ben and Reiher, Markus and Rivalta, Ivan and Schapiro, Igor and Segarra-{Mart\'i}, Javier and Stenrup, Michael and Truhlar, Donald G. and Ungur, Liviu and Valentini, Alessio and Vancoillie, Steven and Veryazov, Valera and Vysotskiy, Victor P. and Weingart, Oliver and Zapata, Felipe and Lindh, Roland},
	title = {Molcas 8: New capabilities for multiconfigurational quantum chemical calculations across the periodic table},
	journal = {J. Comput. Chem.},
	volume = {37},
	number = {5},
	issn = {1096-987X},
	url = {http://dx.doi.org/10.1002/jcc.24221},
	doi = {10.1002/jcc.24221},
	pages = {506--541},
	keywords = {electron correlation, gradients, molecular dynamics, parallelization, relativistic},
	year = {2016},
}



@article{raspt2,
	author = {Per {\AA}ke Malmqvist and Kristine Pierloot and Abdul Rehaman Moughal Shahi and Christopher J. Cramer and Laura Gagliardi},
	title = {The restricted active space followed by second-order perturbation theory method: theory and application to the study of \ce{CuO2} and \ce{Cu2O2} systems},
	journal = {J. Chem. Phys.},
	volume = {128},
	number = {20},
	pages = {204109},
	year = {2008},
	doi = {10.1063/1.2920188},
	
	URL = { 
	http://dx.doi.org/10.1063/1.2920188
	
	},
	eprint = { 
	http://dx.doi.org/10.1063/1.2920188
	
	}
	
}


@article{ano-oxy,
	author = {Roos, Bj{\"o}rn O. and Lindh, Roland and Malmqvist, Per-{\AA}ke and Veryazov, Valera and Widmark, Per-Olof},
	title = {Main group atoms and dimers studied with a new relativistic ANO basis set},
	journal = {J. Phys. Chem. A},
	volume = {108},
	number = {15},
	pages = {2851-2858},
	year = {2004},
	doi = {10.1021/jp031064+},
	
	URL = { 
	http://dx.doi.org/10.1021/jp031064+
	
	},
	eprint = { 
	http://dx.doi.org/10.1021/jp031064+
	
	}
	
}



@article{ano-cr,
	author = {Roos, Bj{\"o}rn O. and Lindh, Roland and Malmqvist, Per-{\AA}ke and Veryazov, Valera and Widmark, Per-Olof},
	title = {New relativistic ANO basis sets for transition metal atoms},
	journal = {J. Phys. Chem. A},
	volume = {109},
	number = {29},
	pages = {6575-6579},
	year = {2005},
	doi = {10.1021/jp0581126},
	
	URL = { 
	http://dx.doi.org/10.1021/jp0581126
	
	},
	eprint = { 
	http://dx.doi.org/10.1021/jp0581126
	
	}
	
}


@article{chemps2,
	title={CheMPS2: a free open-source spin-adapted implementation of the density matrix renormalization group for ab initio quantum chemistry},
	author={Wouters, Sebastian and Poelmans, Ward and Ayers, Paul W and Van Neck, Dimitri},
	journal={Comput. Phys. Commun.},
	volume={185},
	number={6},
	pages={1501--1514},
	year={2014},
	publisher={Elsevier}
}




@article{basis-Cr,
	author = {Nikolai B. Balabanov and Kirk A. Peterson},
	title = {Systematically convergent basis sets for transition metals. I. All-electron correlation consistent basis sets for the 3d elements Sc-Zn},
	journal = {J. Chem. Phys.},
	volume = {123},
	number = {6},
	pages = {064107},
	year = {2005},
	doi = {10.1063/1.1998907},
	
	URL = { 
	http://dx.doi.org/10.1063/1.1998907
	
	},
	eprint = { 
	http://dx.doi.org/10.1063/1.1998907
	
	}
	
}


@article{basis-O,
	author = {Dunning, Thom H. Jr.},
	title = {Gaussian basis sets for use in correlated molecular calculations. I. The atoms boron through neon and hydrogen},
	journal = {J. Chem. Phys.},
	volume = {90},
	number = {2},
	pages = {1007-1023},
	year = {1989},
	doi = {10.1063/1.456153},
	
	URL = { 
	http://dx.doi.org/10.1063/1.456153
	
	},
	eprint = { 
	http://dx.doi.org/10.1063/1.456153
	
	}
	
}


@article{def2-basis,
	title={Balanced basis sets of split valence, triple zeta valence and quadruple zeta valence quality for H to Rn: design and assessment of accuracy},
	author={Weigend, Florian and Ahlrichs, Reinhart},
	journal={J. Chem. Phys.},
	volume={7},
	number={18},
	pages={3297--3305},
	year={2005},
	publisher={Royal Society of Chemistry}
}


@article{DKH,
	author = {Markus Reiher and Alexander Wolf},
	title = {Exact decoupling of the Dirac Hamiltonian. II. The generalized Douglas-Kroll-Hess transformation up to arbitrary order},
	journal = {J. Chem. Phys.},
	volume = {121},
	number = {22},
	pages = {10945-10956},
	year = {2004},
	doi = {10.1063/1.1818681},
	
	URL = { 
	http://aip.scitation.org/doi/abs/10.1063/1.1818681
	
	},
	eprint = { 
	http://aip.scitation.org/doi/pdf/10.1063/1.1818681
	
	}
	
}


@article{ZPE,
	author = {Pham, Le Nhan and Nguyen, Minh Tho},
	title = {Electronic structure of neutral and anionic scandium disilicon \ce{ScSi2^{-/0}} clusters and the related anion photoelectron Spectrum},
	journal = {J. Phys. Chem. A},
	volume = {120},
	number = {47},
	pages = {9401-9410},
	year = {2016},
	doi = {10.1021/acs.jpca.6b09067},
	
	URL = { 
	http://dx.doi.org/10.1021/acs.jpca.6b09067
	
	},
	eprint = { 
	http://dx.doi.org/10.1021/acs.jpca.6b09067
	
	}
	
}

@article {molpro2012,
	author = {Werner, Hans-Joachim and Knowles, Peter J. and Knizia, Gerald and Manby, Frederick R. and Sch{\"u}tz, Martin},
	title = {Molpro: a general-purpose quantum chemistry program package},
	journal = {Wiley Interdiscip. Rev.: Comput. Mol. Sci.},
	volume = {2},
	number = {2},
	publisher = {John Wiley & Sons, Inc.},
	issn = {1759-0884},
	url = {http://dx.doi.org/10.1002/wcms.82},
	doi = {10.1002/wcms.82},
	pages = {242--253},
	year = {2012},
}


@misc{g09,
	author="M. J. Frisch and G. W. Trucks and H. B. Schlegel and G. E. Scuseria and M. A. Robb and J. R. Cheeseman and G. Scalmani and V. Barone and B. Mennucci and G. A. Petersson and H. Nakatsuji and M. Caricato and X. Li and H. P. Hratchian and A. F. Izmaylov and J. Bloino and G. Zheng and J. L. Sonnenberg and M. Hada and M. Ehara and K. Toyota and R. Fukuda and J. Hasegawa and M. Ishida and T. Nakajima and Y. Honda and O. Kitao and H. Nakai and T. Vreven and Montgomery, {Jr.}, J. A. and J. E. Peralta and F. Ogliaro and M. Bearpark and J. J. Heyd and E. Brothers and K. N. Kudin and V. N. Staroverov and R. Kobayashi and J. Normand and K. Raghavachari and A. Rendell and J. C. Burant and S. S. Iyengar and J. Tomasi and M. Cossi and N. Rega and J. M. Millam and M. Klene and J. E. Knox and J. B. Cross and V. Bakken and C. Adamo and J. Jaramillo and R. Gomperts and R. E. Stratmann and O. Yazyev and A. J. Austin and R. Cammi and C. Pomelli and J. W. Ochterski and R. L. Martin and K. Morokuma and V. G. Zakrzewski and G. A. Voth and P. Salvador and J. J. Dannenberg and S. Dapprich and A. D. Daniels and Ö. Farkas and J. B. Foresman and J. V. Ortiz and J. Cioslowski and D. J. Fox",
	title="Gaussian-09 {R}evision {E}.01",
	note="Gaussian Inc. Wallingford CT 2009"
}


@article{MolFC,
	author = { Borrelli Raffaele and  Capobianco Amedeo and  Peluso Andrea},
	title = {Franck-Condon factors-Computational approaches and recent developments},
	journal = {Can. J. Chem.},
	volume = {91},
	number = {7},
	pages = {495-504},
	year = {2013},
	doi = {10.1139/cjc-2012-0518},
	
	URL = { 
	https://doi.org/10.1139/cjc-2012-0518
	
	},
	eprint = { 
	https://doi.org/10.1139/cjc-2012-0518
	
	}
	
}



@article{xbp86,
	title = {Density-functional exchange-energy approximation with correct asymptotic behavior},
	author = {Becke, A. D.},
	journal = {Phys. Rev. A},
	volume = {38},
	issue = {6},
	pages = {3098--3100},
	numpages = {0},
	year = {1988},
	month = {Sep},
	publisher = {American Physical Society},
	doi = {10.1103/PhysRevA.38.3098},
	url = {https://link.aps.org/doi/10.1103/PhysRevA.38.3098}
}

@article{cbp86,
	title = {Density-functional approximation for the correlation energy of the inhomogeneous electron gas},
	author = {Perdew, John P.},
	journal = {Phys. Rev. B},
	volume = {33},
	issue = {12},
	pages = {8822--8824},
	numpages = {0},
	year = {1986},
	month = {Jun},
	publisher = {American Physical Society},
	doi = {10.1103/PhysRevB.33.8822},
	url = {https://link.aps.org/doi/10.1103/PhysRevB.33.8822}
}

@article{TPSS,
	title = {Climbing the density functional ladder: Nonempirical meta--generalized gradient approximation designed for molecules and solids},
	author = {Tao, Jianmin and Perdew, John P. and Staroverov, Viktor N. and Scuseria, Gustavo E.},
	journal = {Phys. Rev. Lett.},
	volume = {91},
	issue = {14},
	pages = {146401},
	numpages = {4},
	year = {2003},
	month = {Sep},
	publisher = {American Physical Society},
	doi = {10.1103/PhysRevLett.91.146401},
	url = {https://link.aps.org/doi/10.1103/PhysRevLett.91.146401}
}


@article{dmrg1,
	author = {Kurashige,Yuki  and Yanai,Takeshi },
	title = {Second-order perturbation theory with a density matrix renormalization group self-consistent field reference function: Theory and application to the study of chromium dimer},
	journal = {J. Chem. Phys.},
	volume = {135},
	number = {9},
	pages = {094104},
	year = {2011},
	doi = {10.1063/1.3629454},
	
	URL = { 
	https://doi.org/10.1063/1.3629454
	
	},
	eprint = { 
	https://doi.org/10.1063/1.3629454
	
	}
	
}




@article{dmrg2,
	author = {Wouters,Sebastian  and Van Speybroeck,Veronique  and Van Neck,Dimitri },
	title = {DMRG-CASPT2 study of the longitudinal static second hyperpolarizability of all-trans polyenes},
	journal = {J. Chem. Phys.},
	volume = {145},
	number = {5},
	pages = {054120},
	year = {2016},
	doi = {10.1063/1.4959817},
	
	URL = { 
	https://doi.org/10.1063/1.4959817
	
	},
	eprint = { 
	https://doi.org/10.1063/1.4959817
	
	}
	
}


@article{dmrg3,
	title = {Density matrix formulation for quantum renormalization groups},
	author = {White, Steven R.},
	journal = {Phys. Rev. Lett.},
	volume = {69},
	issue = {19},
	pages = {2863--2866},
	numpages = {0},
	year = {1992},
	month = {Nov},
	publisher = {American Physical Society},
	doi = {10.1103/PhysRevLett.69.2863},
	url = {https://link.aps.org/doi/10.1103/PhysRevLett.69.2863}
}


@article{dmrg4,
	title = {Density-matrix algorithms for quantum renormalization groups},
	author = {White, Steven R.},
	journal = {Phys. Rev. B},
	volume = {48},
	issue = {14},
	pages = {10345--10356},
	numpages = {0},
	year = {1993},
	month = {Oct},
	publisher = {American Physical Society},
	doi = {10.1103/PhysRevB.48.10345},
	url = {https://link.aps.org/doi/10.1103/PhysRevB.48.10345}
}


@article{dmrg5,
	title={The density matrix renormalization group for ab initio quantum chemistry},
	author={Wouters, Sebastian and Van Neck, Dimitri},
	journal={Eur. Phys. J. D},
	volume={68},
	number={9},
	pages={272},
	year={2014},
	publisher={Springer}
}

%%%% RESULTS AND DISCUSSION %%%%%


@article{Nhan-vc2,
	author = {Pham, Le Nhan and Hendrickx, Marc F. A.},
	title = {Contributions of nearly-degenerate states to the photoelectron spectra of the vanadium dicarbide anion},
	journal = {J. Phys. Chem. A},
	volume = {120},
	number = {47},
	pages = {9465-9475},
	year = {2016},
	doi = {10.1021/acs.jpca.6b09498},
	
	URL = { 
	http://dx.doi.org/10.1021/acs.jpca.6b09498
	
	},
	eprint = { 
	http://dx.doi.org/10.1021/acs.jpca.6b09498
	
	}
	
}

@article{Nhan-tige2,
	author = {Pham, Le Nhan and Nguyen, Minh Tho},
	title = {Titanium digermanium: theoretical assignment of electronic transitions underlying its anion photoelectron spectrum},
	journal = {J. Phys. Chem. A},
	volume = {121},
	number = {9},
	pages = {1940-1949},
	year = {2017},
	doi = {10.1021/acs.jpca.7b00245},
	
	URL = { 
	https://doi.org/10.1021/acs.jpca.7b00245
	
	},
	eprint = { 
	https://doi.org/10.1021/acs.jpca.7b00245
	
	}
	
}


@article{cooled,
	author = {Lai-Sheng Wang and Han-Song Cheng and Jiawen Fan},
	title = {Photoelectron spectroscopy of size-selected transition metal clusters: \ce{Fe_n}, n = 3 -- 24},
	journal = {J. Chem. Phys.},
	volume = {102},
	number = {24},
	pages = {9480-9493},
	year = {1995},
	doi = {10.1063/1.468817},
	
	URL = { 
	https://doi.org/10.1063/1.468817
	
	},
	eprint = { 
	https://doi.org/10.1063/1.468817
	
	}
	
}


@article{ScO,
	author = {Wu, Hongbin and Wang, Lai-Sheng},
	title = {Photoelectron spectroscopy and electronic structure of \ce{ScO_n-} (n =0 1 -- 4) and \ce{YO_n-} (n = 1 -- 5): strong electron correlation effects in \ce{ScO-} and \ce{YO-}},
	journal = {J. Phys. Chem. A},
	volume = {102},
	number = {46},
	pages = {9129-9135},
	year = {1998},
	doi = {10.1021/jp982588q},
	
	URL = { 
	https://doi.org/10.1021/jp982588q
	
	},
	eprint = { 
	https://doi.org/10.1021/jp982588q
	
	}
	
}



@article{UO2,
author = {Li,Wei-Li  and Su,Jing  and Jian,Tian  and Lopez,Gary V.  and Hu,Han-Shi  and Cao,Guo-Jin  and Li,Jun  and Wang,Lai-Sheng },
title = {Strong electron correlation in \ce{UO2-}: A photoelectron spectroscopy and relativistic quantum chemistry study},
journal = {J. Chem. Phys.},
volume = {140},
number = {9},
pages = {094306},
year = {2014},
doi = {10.1063/1.4867278},

URL = { 
https://doi.org/10.1063/1.4867278

},
eprint = { 
https://doi.org/10.1063/1.4867278

}

}


@article{CuO,
	author = {Wu, Hongbin and Desai, Sunil R. and Wang, Lai-Sheng},
	title = {Chemical bonding between Cu and oxygen-copper oxides vs \ce{O2} complexes: A study of \ce{CuO_x} (x = 0 -- 6) species by anion photoelectron spectroscopy},
	journal = {J. Phys. Chem. A},
	volume = {101},
	number = {11},
	pages = {2103-2111},
	year = {1997},
	doi = {10.1021/jp9631442},
	
	URL = { 
	https://doi.org/10.1021/jp9631442
	
	},
	eprint = { 
	https://doi.org/10.1021/jp9631442
	
	}
	
}


@article{TiO,
	author = {Wu,Hongbin  and Wang,Lai-Sheng },
	title = {Electronic structure of titanium oxide clusters: \ce{TiO_y} (y = 1 -- 3) and \ce{(TiO2)_n} (n = 1 -- 4)},
	journal = {J. Chem. Phys.},
	volume = {107},
	number = {20},
	pages = {8221-8228},
	year = {1997},
	doi = {10.1063/1.475026},
	
	URL = { 
	https://doi.org/10.1063/1.475026
	
	},
	eprint = { 
	https://doi.org/10.1063/1.475026
	
	}
	
}
