@article{con:1,
  title={Hyper open-shell states: The lowest excited spin states of o atom, \ch{Fe2+} ion, and \ch{FeF2}},
  author={Varga, Zoltan and Verma, Pragya and Truhlar, Donald G},
  journal={J. Am. Chem. Soc.},
  volume={139},
  number={36},
  pages={12569--12578},
  year={2017},
  publisher={ACS Publications}
}

@article{con:2,
  title={Photoelectron spectroscopy of manganese--sulfur cluster anions},
  author={Zhang, Nan and Kawamata, Hiroshi and Nakajima, Atsushi and Kaya, Koji},
  journal={J. Chem. Phys.},
  volume={104},
  number={1},
  pages={36--41},
  year={1996},
  publisher={AIP}
}


@article{con:3,
  title={Structural evolution and electronic properties of \ch{CoSi_n-}(n = 3 -- 12) clusters: Mass-Selected anion photoelectron spectroscopy and quantum chemistry calculations}, 
  author={Yang, Bin and Xu, Xi-Ling and Xu, Hong-Guang and Farooq, Umar and Zheng, Weijun},
  journal={Phys. Chem. Chem. Phys.},
  year={2019},
  volume={21},
  issue={11},
  pages={6207-6215},
  publisher={Royal Society of Chemistry}
}



@article{con:5,
  title={Photoelectron spectroscopy and density-functional study of \ch{Sc2Sin-}(n = 2 -- 6) clusters},
  author={Xu, Hong-Guang and Zhang, Zeng-Guang and Feng, Yuan and Zheng, Weijun},
  journal={Chem. Phys. Lett.},
  volume={498},
  number={1-3},
  pages={22--26},
  year={2010},
  publisher={Elsevier}
}


@article{con:6,
  title={Photoelectron spectroscopy and density functional study of \ch{Co_nC2-}(n = 1 -- 5) clusters},
  author={Yuan, Jin-Yun and Xu, Hong-Guang and Zheng, Wei-Jun},
  journal={Phys. Chem. Chem. Phys.},
  volume={16},
  number={11},
  pages={5434--5439},
  year={2014},
  publisher={Royal Society of Chemistry}
}


@article{con:7,
  title={Structural and electronic properties of iron monoxide clusters \ch{Fe_nO} and \cj{Fe_nO} (n= 2--6): A combined photoelectron spectroscopy and density functional theory study},
  author={Gutsev, Gennady L and Bauschlicher Jr, Charles W and Zhai, Hua-Jin and Wang, Lai-Sheng},
  journal={J. Chem. Phys.},
  volume={119},
  number={21},
  pages={11135--11145},
  year={2003},
  publisher={AIP}
}


@article{con:8,
  title={Observation and photoelectron spectroscopic study of novel mono- and diiron oxide molecules: \ch{FeOy-} (y= 1 -- 4) and \ch{Fe2O_y-} (y= 1- 5)},
  author={Wu, Hongbin and Desai, Sunil R and Wang, Lai-Sheng},
  journal={	J. Am. Chem. Soc.},
  volume={118},
  number={22},
  pages={5296--5301},
  year={1996},
  publisher={ACS Publications}
}



@article{con:9,
  title={Probing the electronic properties of dichromium oxide clusters \ch{Cr2O_n-} (n= 1--7) using photoelectron spectroscopy},
  author={Zhai, Hua-Jin and Wang, Lai-Sheng},
  journal={J. Chem. Phys.},
  volume={125},
  number={16},
  pages={164315},
  year={2006},
  publisher={AIP}
}


@article{con:10,
  title={Structures and magnetic properties of \ch{CrSi_n-} (n= 3 -- 12) clusters: Photoelectron spectroscopy and density functional calculations},
  author={Kong, Xiangyu and Xu, Hong-Guang and Zheng, Weijun},
  journal={J. chem. Phys.},
  volume={137},
  number={6},
  pages={064307},
  year={2012},
  publisher={AIP}
}


@article{con:11,
  title={Electronic structure and chemical bonding of divanadium-oxide clusters (\ch{V2O_x}, x = 3 -- 7) from anion photoelectron spectroscopy},
  author={Zhai, Hua-Jin and Wang, Lai-Sheng},
  journal={J. Chem. Phys.},
  volume={117},
  number={17},
  pages={7882--7888},
  year={2002},
  publisher={AIP}
}




@article{con:12,
  title={Structural evolution and electronic properties of \ch{V_nC2^{0/-}} and \ch{V_nC4^{0/-}}(n = 1 -- 6) clusters: Isights from photoelectron spectroscopy and theoretical calculations},
  author={Yuan, Jinyun and Wang, Peng and Hou, Gao-Lei and Feng, Gang and Zhang, Wen-Jing and Xu, Xi-Ling and Xu, Hong-Guang and Yang, Jinlong and Zheng, Wei-Jun},
  journal={J. Phys. Chem. A},
  volume={120},
  number={9},
  pages={1520--1528},
  year={2016},
  publisher={ACS Publications}
}



@article{con:cr2o2,
  title={Another Look at Photoelectron Spectra of the Anion Cr2O2--: Multireference Character and Energetic Degeneracy},
  author={Pham, Le Nhan and Nguyen, Minh Tho},
  journal={	J. Chem. Theory Comput.},
  volume={14},
  number={9},
  pages={4833--4843},
  year={2018},
  publisher={ACS Publications}
}




@article{con:dmrgnevpt2:1,
  title={N-electron valence state perturbation theory based on a density matrix renormalization group reference function, with applications to the chromium dimer and a trimer model of poly (p-phenylenevinylene)},
  author={Guo, Sheng and Watson, Mark A and Hu, Weifeng and Sun, Qiming and Chan, Garnet Kin-Lic},
  journal={J. Chem. Theory Comput.},
  volume={12},
  number={4},
  pages={1583--1591},
  year={2016},
  publisher={ACS Publications}
}

@article{con:dmrgnevpt2:2,
  title={Multireference perturbation theory with cholesky decomposition for the density matrix renormalization group},
  author={Freitag, Leon and Knecht, Stefan and Angeli, Celestino and Reiher, Markus},
  journal={J. Chem. Theory Comput.},
  volume={13},
  number={2},
  pages={451--459},
  year={2017},
  publisher={ACS Publications}
}


@article{con:dmrgcaspt2,
  title={Second-order perturbation theory with a density matrix renormalization group self-consistent field reference function: Theory and application to the study of chromium dimer},
  author={Kurashige, Yuki and Yanai, Takeshi},
  journal={J. Chem. Phys.},
  volume={135},
  number={9},
  pages={094104},
  year={2011},
  publisher={AIP}
}


@article{con:pairDFT,
  title={Multiconfiguration pair-density functional theory: A new way to treat strongly correlated systems},
  author={Gagliardi, Laura and Truhlar, Donald G and Li Manni, Giovanni and Carlson, Rebecca K and Hoyer, Chad E and Bao, Junwei Lucas},
  journal={Acc. Chem. Res.},
  volume={50},
  number={1},
  pages={66--73},
  year={2016},
  publisher={ACS Publications}
}


@article{con:pair-gra,
  title={Analytic gradients for complete active space pair-density functional theory},
  author={Sand, Andrew M and Hoyer, Chad E and Sharkas, Kamal and Kidder, Katherine M and Lindh, Roland and Truhlar, Donald G and Gagliardi, Laura},
  journal={ J. Chem. Theory Comput.},
  volume={14},
  number={1},
  pages={126--138},
  year={2017},
  publisher={ACS Publications}
}



@article{con:dmrgscf-gra,
  title={Analytical gradients and nonadiabatic couplings for the state-average density matrix renormalization group self-consistent field method},
  author={Freitag, Leon and Ma, Yingjin and Baiardi, Alberto and Knecht, Stefan and Reiher, Markus},
  journal={arXiv preprint arXiv:1905.01558},
  year={2019}
}
